1504 2540
1356 80 1414 110 369

25 197 142 231 Aaron
169 195 223 227 die
249 193 396 227 crastino
422 191 614 233 separatim.
661 190 710 222 17.
735 187 860 220 Tollite
885 184 1013 226 singuli
1041 181 1219 215 thuribula
1246 182 1366 217 vestra,
1383 182 1416 210 et

26 241 142 284 ponite
169 249 269 281 super
295 249 333 269 ea
361 234 568 273 incensuin,⁹
602 234 778 265 offerentes
808 230 956 263 Domino
985 228 1129 260 ducenta
1159 222 1415 267 quinquaginta

25 282 220 318 thuribula:
257 282 370 313 Aaron
404 290 542 321 quoque
572 281 685 309 teneat
712 274 933 308 thuribulum
961 282 1072 304 suum.
1121 271 1169 301 18.
1205 266 1303 306 Quod
1336 276 1414 298 cum

27 328 192 365 fecissent,
219 324 388 358 stantibus
406 323 521 364 Moyse
539 326 571 353 ct
588 322 714 358 Aaron,
760 321 809 351 19.
835 323 867 351 et
894 318 1145 349 coacervassent
1163 312 1345 344 adversum
1363 319 1417 341 eos

28 381 165 405 omnem
192 368 454 401 multitudinem
481 366 524 398 ad
552 365 676 397 ostium
704 361 927 398 tabernaculi,
958 358 1119 401 apparuit
1150 355 1282 388 cunctis
1308 353 1418 394 gloria

29 414 180 449 Domini.
227 414 276 445 20.
304 412 520 452 Locutusque
537 409 707 441 Dominus
724 407 765 439 ad
786 407 925 448 Moysen
944 408 975 436 et
993 404 1119 441 Aaron,
1135 401 1197 432 uit:
1245 399 1294 430 21.
1319 397 1419 439 Sepa-

29 458 156 492 ramini
197 457 237 489 de
276 455 389 487 medio
421 452 693 495 congreg-ationis
725 451 837 492 hujus,
876 453 913 481 ut
952 458 1006 479 eos
1045 449 1182 488 repente
1213 440 1419 484 disperdam.

29 503 79 535 22.
105 501 172 540 Qui
202 500 396 532 ceciderunt
424 498 523 540 proni
552 498 587 528 in
617 496 748 532 faciem,
776 498 878 535 atque
907 492 1084 524 dixerunt:
1111 486 1308 520 Fortissime
1330 484 1420 516 Deus

29 546 216 589 spirituum
240 544 418 575 universae
436 541 556 575 carnis.
585 551 670 571 num
698 550 767 571 uno
796 540 964 579 peccante,
992 538 1109 566 contra
1137 541 1255 563 omnes
1282 529 1333 560 ira
1360 532 1421 559 tua

31 589 222 623 desaeviet?
268 588 318 619 23.
354 586 397 617 Et
428 586 475 617 ait
509 584 678 616 Dominus
710 582 752 614 ad
785 581 940 622 Moysen:
988 579 1037 610 24.
1074 575 1233 617 Praecipe
1262 573 1421 604 universo

31 632 158 678 populo
196 636 233 664 ut
272 634 445 672 separetur
483 639 502 660 a
540 626 769 659 tabernaculis
801 627 893 663 Core,
932 627 963 655 et
1004 620 1142 653 Dathan
1182 622 1213 650 et
1252 613 1423 648 Abiron.¹⁰

32 678 84 710 25.
107 675 332 716 Surrexitque
350 673 492 715 Moyses,
520 676 551 704 et
579 671 663 703 abiit
691 670 732 702 ad
763 669 901 701 Dathan
920 670 952 699 et
969 665 1116 697 Abiron:
1142 667 1174 695 et
1200 659 1423 703 sequentibus

33 731 110 754 eum
129 719 319 752 senioribus
337 715 478 752 Israel,¹¹
525 716 573 747 26.
600 715 689 746 dixit
715 714 757 746 ad
784 712 938 745 turbam:
972 708 1132 741 Recedite
1149 718 1168 738 a
1192 702 1424 737 tabernaculis

34 764 218 797 homiuum
236 762 434 804 impiorum,
462 763 493 792 et
521 759 627 791 nolite
643 763 782 798 tangere
799 767 886 798 quae
904 755 944 787 ad
964 765 1018 786 eos
1034 752 1217 795 pertinent.
1246 759 1288 780 ne
1316 746 1425 779 invol-

34 807 168 841 vamini
194 806 228 838 in
256 805 401 848 peccatis
426 814 553 835 eorum.
600 803 650 834 27.
676 802 832 843 Cumque
850 798 1060 831 recessissent
1088 807 1107 827 a
1134 793 1290 826 tentoriis
1307 800 1424 823 eorum

30 862 95 896 per
111 851 304 887 circuitum,
327 848 465 880 Dathun
492 851 523 878 et
550 846 681 878 Abiron
699 844 821 887 egressi
839 843 975 875 stabant
992 842 1028 873 in
1046 838 1190 871 introitu
1207 835 1426 879 papilionum

36 906 177 929 suorum
195 904 273 926 cum
291 892 456 925 uxoribus
473 897 505 922 et
522 890 647 927 liberis,
664 889 829 930 omnique
842 885 1044 928 frequentia.
1081 883 1130 915 28.
1155 882 1198 913 Et
1215 881 1263 912 uit
1280 879 1426 920 Moyses:

39 939 81 972 In
107 939 171 970 hoc
199 937 319 975 scietis,
350 936 441 978 quod
471 934 642 966 Dominus
669 933 799 964 miserit
828 942 882 962 me
910 934 947 961 ut
979 929 1121 960 facerem
1151 925 1312 957 universa
1340 931 1428 964 quae

39 982 186 1021 cernitis,
224 985 255 1013 et
294 991 363 1012 non
403 991 443 1011 ex
483 978 619 1020 proprio
650 988 689 1008 ea
721 976 819 1008 corde
850 972 1068 1017 protulerim:
1117 970 1166 1001 ⁶29.
1205 968 1239 1000 Si
1269 968 1429 998 consueta

38 1025 223 1060 hominum
241 1028 349 1056 morte
365 1023 568 1059 interierint,
585 1026 614 1053 et
632 1019 823 1052 visitaverit
841 1030 895 1050 eos
912 1017 1023 1059 plaga,
1045 1025 1113 1057 qua
1130 1017 1162 1045 et
1179 1011 1278 1044 ceteri
1297 1008 1429 1042 visitari

40 1070 158 1109 solent,
189 1080 258 1101 non
287 1068 381 1099 misit
408 1078 463 1098 me
492 1066 675 1097 Dominus:
723 1065 772 1095 30.
812 1063 865 1094 sin
897 1065 1012 1093 autem
1053 1068 1180 1090 novam
1213 1066 1284 1087 rem
1315 1052 1430 1085 fecerit

41 1112 251 1148 Βοιηίῃιιε-ς,12
273 1116 311 1143 ut
339 1111 494 1153 aperiens
518 1113 607 1141 terra
633 1120 668 1140 os
693 1119 795 1140 suum
822 1105 989 1147 deglutiat
1007 1114 1061 1135 eos
1089 1106 1121 1134 et
1148 1100 1265 1132 omnia
1283 1108 1371 1140 quae
1389 1095 1432 1128 ad

40 1158 119 1194 ,illos
146 1156 328 1199 pertinent,
359 1153 664 1194 descenderintque
696 1152 850 1183 viventes
876 1150 910 1180 in
938 1144 1154 1184 infermim,¹³
1191 1143 1302 1175 scietis
1341 1139 1433 1183 quod

41 1200 359 1244 blasphemaverint
392 1198 592 1230 Dominum.
640 1197 689 1227 31.
729 1194 915 1227 Confestim
947 1191 1054 1233 igitur
1085 1194 1123 1221 ut
1154 1187 1297 1220 cessavit
1328 1183 1435 1226 loqui,

44 1245 183 1287 dirupta
199 1248 248 1276 est
263 1248 351 1275 terra
369 1242 432 1274 sul·
449 1241 594 1283 pedibus
611 1250 744 1272 eorum:
781 1239 830 1270 32.
855 1242 885 1269 et
904 1234 1059 1278 aperiens
1076 1244 1111 1265 os
1127 1242 1240 1268 suum,
1257 1227 1436 1262 devoravit

43 1288 122 1322 illos
137 1299 217 1321 eum
232 1285 463 1319 tabernaculis
480 1285 559 1322 suis,
583 1289 613 1315 et
631 1284 792 1315 universa
810 1279 1000 1313 substantia
1017 1275 1181 1314 eorum3¹³
1227 1275 1277 1306 33.
1302 1273 1436 1304 descen-

44 1332 238 1374 deruntque
256 1330 327 1363 vivi
345 1330 379 1361 in
398 1329 573 1361 infernum
591 1327 698 1368 operti
717 1326 834 1364 humo,
851 1329 883 1356 et
899 1323 1075 1366 perierunt
1092 1321 1132 1352 de
1150 1319 1263 1351 medio
1281 1315 1438 1348 multitu-

47 1376 146 1409 dinis.
193 1376 243 1407 34.
282 1375 329 1406 At
360 1384 439 1405 vero
471 1372 582 1403 omnis
614 1370 729 1407 Israel,
769 1369 829 1411 qui
868 1367 980 1399 stabat
1010 1376 1069 1405 per
1099 1374 1236 1406 gyrum,
1274 1360 1363 1402 sugit
1393 1358 1438 1390 {ul

47 1420 231 1453 clamorem
250 1417 478 1460 pereuntium,
496 1416 626 1447 dic-ens:
652 1414 702 1446 Ne
728 1415 812 1445 forte
838 1415 869 1444 et
890 1422 950 1443 nos
966 1406 1055 1442 terra
1072 1407 1249 1450 deglutiat.
1298 1405 1348 1435 35.
1373 1401 1437 1435 Sed

49 1468 82 1497 et
97 1463 188 1506 iguis
204 1473 354 1504 egressus
380 1473 398 1492 a
426 1460 584 1497 Domino,
610 1458 779 1490 interfecit
794 1456 959 1488 ducentos
976 1451 1234 1496 quinquaginta
1251 1449 1352 1484 viros,
1378 1446 1439 1489 qui

48 1507 236 1540 offerebant·
253 1506 441 1537 incensum.
480 1504 530 1535 36.
556 1503 772 1543 Locutusque
790 1504 837 1532 est
856 1496 1054 1531 Dominus¹⁵
1078 1496 1120 1528 ad
1140 1495 1290 1535 Moysen,
1308 1491 1439 1523 diceus:

51 1551 101 1585 37.
134 1550 294 1592 Praecipe
323 1548 482 1580 Eleazaro
511 1547 581 1578 filio
609 1547 725 1577 Aaron
753 1543 928 1580 sacerdoti,
959 1545 996 1573 ut
1027 1540 1125 1573 tollat
1155 1535 1335 1570 thuribula
1353 1545 1440 1576 quae

47 1596 161 1638 jacent
178 1594 213 1626 in
231 1592 402 1631 incendio,
429 1596 461 1623 et
489 1591 605 1630 ignem
633 1590 700 1621 huc
730 1588 881 1629 illucque
898 1586 1084 1626 dispergat:
1110 1582 1276 1625 quoniam
1294 1577 1441 1611 sanctifi-

53 1642 126 1671 cata
143 1642 222 1670 sunt
268 1638 318 1669 38.
343 1636 378 1667 in
404 1634 573 1667 mortibus
590 1630 852 1676 peccatormnz¹⁶
875 1630 1109 1673 producatque
1126 1637 1163 1658 ea
1182 1626 1216 1657 in
1235 1624 1393 1659 laminas,
1411 1625 1441 1653 et

53 1682 169 1725 affigat
185 1679 325 1719 altari,¹⁷
348 1691 386 1712 eo
413 1678 506 1721 quod
523 1677 678 1709 oblatum
695 1677 737 1708 sit
766 1676 801 1707 in
831 1675 878 1706 eis
898 1674 1077 1705 incensum
1097 1669 1256 1707 Domino,
1273 1672 1302 1699 et
1321 1665 1444 1698 sancti-

55 1727 154 1759 ficata
178 1725 256 1763 sint,
283 1727 322 1756 ut
347 1727 489 1755 cernant
505 1733 543 1753 ea
560 1732 620 1763 pro
637 1721 734 1762 signo
752 1724 781 1751 et
800 1718 1014 1750 monimento
1031 1715 1093 1747 filii
1113 1712 1226 1746 Israel.
1273 1712 1322 1743 39.
1347 1708 1444 1741 Tulit

55 1780 132 1812 ergo
162 1769 301 1801 Eleazar
327 1766 480 1799 sacerdos
505 1764 684 1797 thuribula
713 1774 827 1799 aenea,
855 1762 892 1793 in
921 1760 1046 1803 quibus
1069 1757 1265 1790 obtulerant
1294 1755 1329 1786 hi
1359 1763 1444 1795 quos

55 1813 255 1846 incendium
273 1810 460 1848 devoravit,
486 1814 517 1841 et
537 1808 701 1851 produxit
718 1819 755 1839 ea
773 1807 809 1838 in
828 1805 985 1842 laminas,
1011 1803 1152 1844 affigens
1169 1800 1284 1833 altari:
1331 1799 1382 1829 40.
1407 1800 1445 1828 ut

57 1856 222 1890 haberent
248 1860 361 1898 postea
393 1854 455 1886 filii
489 1852 603 1890 Israel,
634 1851 761 1894 quibus
792 1851 1101 1884 commonerentur,
1133 1856 1176 1877 ne
1203 1843 1280 1886 quis
1309 1840 1446 1873 accedat

56 1900 260 1943 alienigena,
285 1903 315 1931 et
342 1898 401 1940 qui
429 1908 497 1929 non
525 1900 572 1928 est
597 1896 639 1928 de
664 1895 793 1927 semine
820 1894 935 1925 Aaron
962 1891 1004 1923 ad
1031 1888 1242 1922 offerendum
1266 1887 1445 1918 incensum

59 1942 217 1982 Domino,
244 1954 287 1975 ne
315 1942 465 1985 patiatur
490 1941 577 1972 sicut
605 1950 722 1982 passus
749 1942 798 1969 est
824 1937 916 1974 Core,
945 1939 977 1967 et
1003 1933 1116 1966 omnis
1133 1930 1349 1973 congregatio
1366 1928 1447 1970 ejus,

59 1985 219 2030 loquente
236 1986 384 2018 Domino
404 1984 446 2016 ad
473 1984 624 2026 Moysen.
670 1984 724 2014 41.
747 1979 979 2013 Murmuravit
996 1981 1110 2010 autem
1129 1975 1241 2008 omnis
1259 1971 1447 2005 multitudo

61 2030 210 2064 filiorum
243 2029 347 2062 Israel
379 2028 533 2070 sequenti
567 2027 621 2058 die
653 2030 771 2058 eontra
803 2024 943 2064 Moysen
981 2026 1014 2054 et
1044 2022 1170 2055 Aaron,
1209 2018 1338 2050 dicens:
1378 2015 1448 2046 Vos

61 2074 274 2107 interfecistis
289 2072 457 2116 populum
477 2071 626 2103 Domini.
671 2070 722 2101 42.
747 2070 903 2109 Cumque
920 2066 1065 2098 oriretur
1081 2063 1212 2100 seditio,
1230 2066 1261 2093 et
1277 2059 1449 2092 tumultus

61 2118 267 2156 incresceret,
313 2117 363 2148 43.
394 2115 526 2157 Moyses
551 2119 584 2146 et
608 2114 725 2145 Aaron
751 2113 912 2152 fugerunt
938 2109 982 2142 ad
1008 2106 1270 2141 tabernaculum
1297 2102 1449 2135 foederis.

63 2161 171 2201 Quod,
188 2165 368 2205 postquam
386 2158 528 2200 ingressi
546 2161 636 2195 sunt,
663 2152 921 2199 operuitnubes
937 2158 969 2185 et
986 2151 1148 2195 apparuit
1170 2149 1280 2192 gloria
1298 2145 1450 2179 Domini.

63 2205 114 2239 44.
137 2205 303 2247 Dixitque
320 2203 490 2235 Dominus
507 2201 550 2233 ad
569 2201 725 2242 ltonsen:
771 2200 822 2230 45.
848 2197 1007 2229 Recedite
1024 2196 1066 2227 de
1082 2194 1196 2226 medio
1214 2193 1317 2233 hujus
1334 2189 1452 2222 multi-

64 2249 203 2288 tudinis,
228 2249 332 2281 etiam
357 2257 450 2278 nunc
476 2244 594 2278 delebo
613 2242 706 2276 θος.18
751 2242 907 2284 Cumque
920 2241 1071 2282 jacerent
1088 2238 1124 2270 in
1142 2242 1240 2274 terra,
1287 2235 1336 2266 46.
1361 2233 1451 2265 dixit

65 2290 196 2335 Moyses
223 2292 266 2324 ad
295 2291 427 2323 Aaron:
462 2288 557 2321 Tolle
581 2286 813 2325 thuribulum,
840 2290 870 2317 et
899 2284 1022 2316 hausto
1039 2283 1118 2324 igne
1147 2281 1187 2312 de
1215 2278 1326 2316 altari,
1353 2277 1452 2309 mitte

65 2335 242 2373 incensum
260 2335 413 2377 desuper,
437 2342 580 2377 pergens
597 2331 663 2363 cito
679 2330 722 2363 ad
739 2329 906 2373 populum
924 2332 962 2360 ut
980 2338 1074 2369 roges
1099 2336 1160 2368 pro
1186 2323 1246 2356 eis:
1267 2323 1340 2364 jam
1357 2320 1453 2353 enim

1216 2376 1278 2403 24*
