1541 2540
91 63 150 94 582

91 160 190 194 mille
205 164 238 193 ct
253 163 390 194 centum
408 160 612 204 argenteos·
656 161 685 194 6.
709 161 837 194 Locuta
865 164 914 195 est
940 173 976 195 er
999 173 1020 195 o
1044 162 1158 196 Dalila
1174 163 1217 196 ad
1233 163 1392 198 Samson:
1426 172 1434 192 ἃ

93 205 192 243 mihi,
208 204 355 244 obsecro,
383 205 418 237 in
447 216 516 248 quo
542 205 586 238 sit
606 209 665 238 tua
682 205 837 238 maxima
854 206 985 238 sortitu(
998 217 1026 246 o,
1050 211 1084 239 et
1109 207 1193 250 quid
1210 207 1254 240 sit
1269 218 1338 251 quo
1353 207 1412 242 li

93 259 271 291 erumpere
303 250 473 291 nequeas?
519 250 548 282 7.
586 249 648 281 Cui
682 249 856 292 respondit
885 250 1044 282 Samson:
1082 250 1117 283 Si
1155 254 1283 294 septem
1314 253 1424 286 nervi

93 291 251 324 funibus⁷
276 292 421 324 necdum
447 292 554 331 siccis,
579 296 611 325 et
636 292 750 325 adhuc
776 292 1000 326 humentibus
1031 293 1156 336 ligatus
1187 295 1290 334 fuero,
1321 295 1381 329 infi
1411 313 1437 325 ιι.

92 346 150 368 ero
167 340 203 368 ut
221 337 319 368 ceteri
335 335 501 368 homines.
536 337 564 368 8.
590 336 859 379 Attuleruntque
876 336 919 369 ad
936 347 1010 369 eum
1023 342 1113 370 satra
1129 349 1177 370 iao
1190 338 1400 373 Philisthino

93 383 221 422 septem
251 380 358 418 funos,
385 384 424 412 ut
450 380 599 412 dixerat:
624 379 751 422 quibus
780 380 894 412 vinxit
920 391 1010 419 eum,
1054 383 1083 414 9.
1130 382 1303 415 utentibus
1326 393 1346 415 a
1373 381 1419 417 ud

94 422 239 462 insidiis,
266 428 298 455 et
325 423 358 455 in
386 423 544 455 cubiculo
570 423 673 455 finem
701 423 746 455 rei
769 423 1056 466 expectantibus,⁸
1078 424 1344 468 clamavitqueu
1383 437 1415 460 e·
1436 422 1446 453 ι’

94 466 308 500 philisthiim
327 478 428 510 super
445 471 476 500 te
493 467 665 499 Samson.⁹
699 467 765 506 Qui
786 467 878 510 rupit
894 467 1073 506 vincula,¹⁰
1095 479 1163 511 quo
1180 469 1281 501 modo
1296 469 1323 502 si
1341 480 1419 505 rum

93 510 171 553 quis
189 510 285 542 tilum
304 511 346 542 de
362 516 505 553 stuppae
522 515 648 542 tortum
667 511 856 553 putamine,
881 522 958 543 cum
982 511 1119 544 odorem
1139 513 1230 553 ignis
1245 513 1443 556 acceperit:-

94 565 163 586 non
195 559 243 586 est
274 554 450 594 cognitum
478 555 513 586 in
540 565 610 597 quo
634 558 719 586 esset
743 555 907 587 fortitudo
931 555 1011 597 ejus.
1059 557 1108 588 10.
1143 555 1308 599 Dixitque
1331 556 1375 590 ad
1398 562 1440 592 ο“

94 597 224 630 Dalila:
251 597 335 630 Ecce
363 597 501 630 illusisti
530 597 629 636 mihi,
656 603 689 630 et
716 598 840 630 salsum
870 598 1003 631 locutus
1029 610 1074 631 es:
1101 599 1220 632 saltem
1248 611 1342 633 nunc
1364 600 1432 634 in·

92 641 181 674 mihi
207 653 277 684 quo
303 641 402 683 ligari
430 641 560 674 debeas.
609 643 657 674 11.
681 642 743 674 Cui
773 641 823 673 illi
853 642 1039 685 respondit:
1065 643 1099 675 Si
1129 643 1255 685 ligatus
1273 644 1419 678 fueron

94 685 245 723 funibus,
279 686 338 728 qui
373 695 552 728 nunquam
587 686 726 717 suerunt
757 685 792 717 in
825 697 933 728 opere,
972 686 1131 719 infirmus
1161 698 1226 726 ero,
1264 691 1297 720 et
1333 687 1430 722 alio

93 728 275 761 hominnm
294 729 426 761 similis.
474 730 522 761 12.
547 729 682 767 Quibus
700 740 834 761 rursum
855 729 968 762 Daliln
995 731 1111 762 vinxit
1130 741 1219 767 eum,
1246 735 1278 763 et
1303 730 1448 766 clama

94 772 307 805 Philisthiim
326 783 428 816 super
454 777 485 805 te
512 773 667 809 Samson,
694 773 730 804 in
758 773 917 805 cubiculo
934 773 1069 806 insidiis
1085 775 1303 817 praeparatis.
1348 774 1416 815 Qui
1430 774 1454 804 ‘a'

94 816 188 859 rupit
206 816 345 848 vincula
371 817 468 859 quasi
496 816 554 848 fila
579 816 736 848 telarum.
784 817 832 849 13.
859 817 1024 859 Dixitque
1042 817 1156 850 Dalila
1173 829 1308 851 rursum
1325 818 1369 852 ad
1385 821 1463 855 em]
1508 853 1511 860 ,

94 859 282 903 Usquequo
307 860 435 903 decipis
461 871 524 898 me,
549 864 582 892 et
607 860 730 892 falsum
758 859 928 902 loqueris?
951 861 1090 894 ostende
1115 872 1183 904 quo
1209 862 1333 895 vinciri
1350 861 1408 896 de
1424 865 1453 899 ιῖ

93 903 155 936 Cui
174 903 349 947 respondit
364 907 522 936 Samson:
547 904 581 936 Si
610 908 737 946 septem
766 905 876 936 crines
892 905 1013 947 capitis
1029 905 1094 937 mei
1109 916 1186 937 cum
1204 905 1284 938 licio
1299 905 1468 951 plexqu

93 952 126 980 et
152 947 289 980 clavum
319 947 373 979 his
399 947 678 989 circumligatum
707 953 816 980 terrae
843 947 993 986 fixerisfl*
1018 949 1178 981 infirmus
1197 960 1262 982 ero.
1309 950 1358 983 14.
1381 949 1446 990 Q·

93 1002 171 1024 cum
191 991 320 1024 fecisset
348 991 472 1030 Dalila,
499 991 590 1023 dixit
606 991 648 1023 ad
665 1003 760 1024 eum:
786 991 1000 1024 I’hilisthiim
1028 1003 1129 1035 super
1155 997 1187 1025 te
1213 993 1367 1026 Samson.
1441 994 1465 1032 .f'

93 1046 301 1077 consurgens
317 1035 359 1067 de
374 1046 495 1067 somno
511 1035 659 1068 extraxit
678 1035 814 1067 clavum
833 1046 910 1067 cum
929 1036 1082 1068 crinibus
1109 1040 1141 1068 et
1162 1036 1250 1069 licio.
1296 1038 1347 1070 15.
1382 1036 1415 1065 ΓῚ
1443 1045 1461 1075 J

92 1090 160 1122 que
176 1079 315 1111 adeum
335 1078 462 1111 Dalila:
488 1079 564 1118 Quo
592 1079 693 1111 modo
720 1079 806 1111 dicis
833 1079 924 1121 quod
950 1090 1045 1112 amas
1062 1091 1126 1116 me.
1153 1091 1230 1112 cum
1248 1081 1387 1114 animus
1424 1096 1429 1109 ι
1451 1091 1462 1120 2·

94 1133 162 1155 non
181 1122 225 1155 sit
241 1124 399 1155 mecu'm'?
424 1123 487 1155 Per
514 1128 580 1155 tres
609 1123 698 1154 vices
725 1123 891 1155 mentitus
907 1134 940 1155 es
968 1123 1066 1160 mihi,
1093 1128 1126 1156 et
1153 1123 1295 1157 noluisti
1316 1124 1428 1158 dicero

93 1177 161 1209 quo
188 1167 232 1199 sit
262 1167 415 1198 maxima
443 1166 606 1199 fortitudo
634 1170 702 1198 tua.
750 1168 799 1198 16.
835 1168 991 1209 Cumque
1020 1167 1158 1200 molesta
1187 1171 1272 1200 esset
1297 1168 1338 1208 ei,
1363 1171 1398 1202 et

94 1210 221 1242 multos
236 1210 308 1242 dies
319 1210 449 1252 jugiter
465 1210 674 1247 adhaereret,
699 1211 848 1252 spatium
866 1211 909 1242 ad
927 1211 1076 1253 quietem
1095 1222 1163 1243 non
1181 1211 1345 1251 tribuens,
1361 1211 1396 1244 d
1413 1196 1469 1239 42*

93 1254 212 1286 anima
243 1254 323 1296 ejus
355 1259 387 1286 et
417 1254 459 1286 ad
489 1258 633 1286 mortem
666 1265 774 1296 usque
805 1253 928 1286 lassata
959 1253 1046 1286 est.¹²
1106 1256 1155 1287 17.
1193 1255 1291 1288 Tunc
1328 1265 1391 1299 ape
1429 1269 1441 1283 ειη

96 1298 306 1330 veretitatem
336 1298 393 1336 rei,
421 1297 510 1330 dixit
537 1297 579 1330 ad
609 1309 699 1330 eam:
725 1298 867 1330 Ferrum
896 1309 1077 1341 nunquam
1095 1299 1248 1331 ascendit
1262 1309 1432 1342 superea

94 1352 222 1380 meum,
249 1341 332 1384 quia
357 1352 552 1380 nazaraeus,
584 1341 618 1373 id
645 1346 702 1380 est,
734 1346 947 1374 consecratus
975 1342 1043 1374 Deo
1067 1353 1142 1374 suni
1170 1342 1212 1375 de
1239 1347 1335 1376 utero
1361 1345 1462 1378 maw'ff

94 1396 204 1418 meae:
227 1385 254 1417 si
284 1396 398 1418 rasum
429 1385 529 1417 fuerit
556 1390 657 1428 caput
686 1396 812 1424 meum,
839 1385 970 1418 recedet
997 1396 1016 1418 a
1044 1397 1098 1418 me
1126 1386 1288 1419 fortitudo
1312 1384 1457 1428 ιῐιθα,“,

94 1429 263 1467 deficiam,
290 1440 415 1472 eroque
441 1430 527 1461 sicut
549 1429 648 1461 ceteri
668 1429 833 1461 homines.
880 1431 930 1461 18.
954 1429 1154 1472 Vidensque
1170 1429 1231 1462 illa
1247 1429 1339 1473 quod
1356 1436 1445 1464 001¹·-
1466 1443 1468 1445 ’

93 1483 159 1511 sus,
176 1473 205 1505 ei
223 1477 305 1505 esset
322 1483 458 1505 omnem
478 1473 635 1505 animum
658 1472 799 1509 suum,¹⁴
823 1473 916 1505 misit
932 1473 974 1505 ad
993 1473 1163 1516 principes
1180 1473 1391 1507 Philisthino
1418 1488 1423 1502 ι
1444 1494 1446 1498 .
1463 1471 1467 1486 ³

94 1527 133 1549 ac
150 1517 345 1549 mandavit:
370 1517 553 1549 Ascendite
569 1516 683 1548 adhuc
699 1517 812 1555 semel,
835 1517 917 1559 quia
934 1527 1027 1549 nunc
1043 1517 1130 1549 mihi
1148 1517 1281 1560 aperuit
1297 1528 1354 1550 cor
1367 1527 1423 1563 sus
1435 1534 1462 1558 χε,

94 1560 161 1599 Qui
194 1560 422 1592 ascenderunt
451 1565 627 1602 assumpta
658 1561 814 1603 pecunia,
844 1571 949 1603 quani
982 1561 1218 1603 promiserant.
1265 1562 1315 1594 19.
1342 1561 1390 1594 At
1427 1563 1456 1593 n(

94 1604 245 1636 dormire
272 1615 350 1636 eum
379 1605 457 1636 fecit
483 1615 584 1646 super
608 1615 721 1646 genua
746 1603 846 1643 sua‚¹⁵
868 1609 899 1636 et
928 1605 963 1636 in
991 1605 1070 1636 sinu
1095 1615 1156 1637 suo
1183 1604 1348 1638 reclinare
1368 1612 1466 1649 capp?

94 1647 309 1690 Vocavitque
326 1653 506 1686 tonsorem,
534 1652 566 1679 et
594 1648 674 1680 rasit
691 1654 817 1690 septem
837 1648 946 1680 crines
962 1648 1042 1690 ejus.
1064 1652 1096 1680 et
1114 1649 1225 1691 coepit
1239 1648 1375 1692 abigere
1389 1658 1432 1683 eu
1443 1664 1471 1676 ν·

93 1697 126 1724 et
142 1702 162 1724 a
178 1702 212 1724 se
229 1690 434 1734 repellere:'⁶
457 1691 571 1723 statim
595 1692 686 1723 enim
711 1691 754 1723 ab
779 1702 816 1724 eo
843 1691 1005 1724 fortitudo
1022 1692 1186 1724 discessit:
1233 1693 1283 1725 20.
1307 1691 1467 1743 dixitqu

94 1735 306 1767 Philistliiim
324 1746 426 1777 super
442 1740 473 1767 te
489 1735 642 1767 Samson.
689 1735 756 1774 Qui
775 1735 816 1768 de
831 1747 952 1774 somno
967 1746 1183 1777 consurgens,
1203 1735 1293 1768 dixit
1309 1736 1346 1769 in
1361 1746 1436 1770 ani
1460 1739 1470 1761 Τ

92 1789 168 1812 suo:
194 1779 360 1822 Egrediar
375 1779 462 1811 sicut
478 1784 557 1811 ante
574 1779 646 1818 sevi,
673 1783 705 1811 et.
734 1790 787 1811 me
814 1778 1026 1816 excutiam,¹⁷
1050 1779 1202 1811 nesciens
1247 1779 1313 1812 uod
1332 1791 1368 1812 r·--
1393 1776 1470 1808 :0:⁸²

92 1827 142 1855 set
157 1822 201 1855 ab
217 1834 255 1855 eo
272 1822 442 1855 dominus.
489 1824 539 1855 21.
564 1824 673 1862 Quem
694 1834 772 1855 cum
790 1823 1096 1865 apprehendissent
1113 1823 1236 1855 Philist
1252 1823 1337 1861 iiim.
1362 1827 1415 1857 sta
1430 1822 1439 1831 ’
1459 1829 1463 1832 ’

93 1871 255 1899 eruerunt
272 1866 387 1899 oculos
403 1866 483 1908 ejus,
493 1865 512 1882 ¹⁸
534 1871 567 1898 ct
591 1866 768 1899 duxerunt
791 1868 917 1899 Gazam
936 1867 1092 1899 vinctum
1109 1867 1247 1906 catenis,
1271 1870 1305 1900 et
1323 1866 1468 1908 clausu}

93 1910 129 1942 in
147 1921 277 1942 carcere
294 1909 419 1942 molere
436 1911 595 1942 fecerunt.
606 1910 626 1927 '⁹
660 1911 709 1942 22.
733 1910 883 1953 ,Jamque
899 1910 1014 1953 capilli
1032 1910 1059 1952 ej
1067 1921 1103 1942 us
1117 1911 1245 1943 renasci
1259 1913 1474 1954 coeperunt„

93 1954 143 1986 23.
167 1958 200 1986 et
227 1953 398 1997 principes
422 1953 712 1986 I’liilisthinorum
730 1958 967 1986 convenerunt
993 1954 1028 1986 in
1057 1965 1166 1986 unum
1195 1958 1234 1987 ut
1260 1953 1393 1987 immol
1428 1967 1475 1982 ιιι-

93 1997 221 2030 hostias
237 1997 438 2039 magnificas
463 1997 582 2038 Dagon
607 1997 670 2030 deo
696 1997 794 2035 9.]οὲι
818 2002 850 2030 et
876 1997 1108 2040 epularentur,
1134 1997 1297 2031 dicentes:
1321 1996 1460 2031 Tradi

95 2041 185 2074 Deus
210 2046 323 2073 noster
348 2041 529 2073 inimicum
557 2046 710 2073 nostrum
737 2043 878 2074 Samson
909 2042 944 2073 in
974 2052 1098 2074 manus
1119 2046 1258 2074 nostras.
1304 2042 1355 2074 24.
1377 2041 1446 2081 Qu

93 2085 195 2117 etiam
210 2084 358 2128 populus
376 2085 505 2121 videns,
523 2085 685 2117 laudabat
701 2086 803 2118 ‹leum
822 2096 934 2123 suum,
950 2085 1138 2128 eademque
1150 2085 1297 2118 dicebat:
1321 2084 1463 2122 Tradir·

95 2128 186 2161 Deus
203 2134 315 2161 noster
331 2128 565 2161 adversarium
585 2134 738 2161 nostrum
759 2129 792 2161 in
813 2140 936 2161 manus
962 2133 1101 2168 nostras,
1125 2129 1185 2172 qui
1212 2129 1339 2162 delevit
1353 2132 1405 2162 ter
1436 2136 1439 2137 ’

93 2177 256 2210 nostram,
283 2177 315 2205 et
339 2172 464 2204 occidit
480 2171 655 2215 plurimos.
703 2173 752 2205 25.
778 2172 1026 2215 Laetantesque
1053 2183 1113 2215 per
1138 2173 1308 2212 convivia,
1333 2179 1482 2210 sumet:

89 2215 162 2258 jam
190 2215 310 2259 epulis,
341 2221 586 2259 praeceperunt
613 2221 650 2248 ut
678 2221 855 2248 vocaretur
885 2218 1039 2254 Samson,
1065 2220 1099 2248 et
1125 2220 1204 2249 ante
1231 2227 1286 2249 eos
1312 2215 1474 2253 luderet,

94 2260 160 2298 Qui
179 2259 349 2291 adductus
375 2260 418 2292 (le
444 2270 575 2292 carcere
593 2259 733 2292 ludebat
760 2265 839 2292 ante
864 2271 928 2297 coe,
955 2260 1176 2302 feceruntque
1191 2271 1270 2292 eum
1287 2264 1377 2293 stare
1391 2265 1494 2292 mm..

93 2302 180 2335 duas
195 2302 383 2335 columnus.
429 2305 479 2335 26.
503 2303 570 2342 Qui
598 2303 689 2335 dixit
713 2315 818 2346 puero
844 2303 972 2345 regenti
990 2314 1123 2343 gressus
1138 2314 1230 2336 suos:
1256 2303 1400 2336 Dimitte
1415 2293 1485 2336 ΙΙΙ-Ὺ
1537 2330 1539 2348 ‚

94 2351 130 2379 ut
149 2352 288 2390 tangam
307 2346 495 2386 columnas,
522 2346 650 2390 quibus
675 2348 788 2380 omnis
805 2347 965 2380 imminet
981 2346 1142 2387 domus‚”
1163 2351 1197 2380 et
1222 2346 1366 2380 recliner
1378 2356 1435 2380 eu
1451 2355 1465 2375 -i
1483 2359 1487 2363 ·
