<?xml version="1.0" encoding="UTF-8"?>
<!DOCTYPE html PUBLIC "-//W3C//DTD XHTML 1.0 Transitional//EN"
    "http://www.w3.org/TR/xhtml1/DTD/xhtml1-transitional.dtd">
<html xmlns="http://www.w3.org/1999/xhtml" xml:lang="en" lang="en">
 <head>
  <title>
</title>
<meta http-equiv="Content-Type" content="text/html;charset=utf-8" />
  <meta name='ocr-system' content='tesseract 3.04.00' />
  <meta name='ocr-capabilities' content='ocr_page ocr_carea ocr_par ocr_line ocrx_word'/>
</head>
<body>
  <div class='ocr_page' id='page_1' title='image "./dieheiligeschrif01lech_0593.png"; bbox 0 0 1541 2540; ppageno 0'>
   <div class='ocr_carea' id='block_1_1' title="bbox 1341 74 1397 104">
    <p class='ocr_par' dir='ltr' id='par_1_1' title="bbox 1341 74 1397 104">
     <span class='ocr_line' id='line_1_1' title="bbox 1341 74 1397 104; baseline -0.018 0"><span class='ocrx_word' id='word_1_1' title='bbox 1341 74 1397 104; x_wconf 84' lang='lat'>571</span> 
     </span>
    </p>
   </div>
   <div class='ocr_carea' id='block_1_2' title="bbox 0 171 1442 1855">
    <p class='ocr_par' dir='ltr' id='par_1_2' title="bbox 0 171 1442 1855">
     <span class='ocr_line' id='line_1_2' title="bbox 10 171 1400 236; baseline -0.02 -6"><span class='ocrx_word' id='word_1_2' title='bbox 10 200 102 236; x_wconf 83' lang='lat' dir='ltr'>runt,</span> <span class='ocrx_word' id='word_1_3' title='bbox 127 193 321 228; x_wconf 77' lang='lat' dir='ltr'>ambulavit</span> <span class='ocrx_word' id='word_1_4' title='bbox 345 202 404 234; x_wconf 83' lang='lat' dir='ltr'>per</span> <span class='ocrx_word' id='word_1_5' title='bbox 428 188 651 222; x_wconf 84' lang='lat' dir='ltr'>solitudinem</span> <span class='ocrx_word' id='word_1_6' title='bbox 677 194 786 227; x_wconf 83' lang='lat' dir='ltr'>usque</span> <span class='ocrx_word' id='word_1_7' title='bbox 812 182 855 215; x_wconf 85' lang='lat' dir='ltr'>ad</span> <span class='ocrx_word' id='word_1_8' title='bbox 882 181 976 213; x_wconf 84' lang='lat' dir='ltr'>Mare</span> <span class='ocrx_word' id='word_1_9' title='bbox 1000 177 1156 213; x_wconf 85' lang='lat' dir='ltr'>rubrum,</span> <span class='ocrx_word' id='word_1_10' title='bbox 1183 177 1216 207; x_wconf 88' lang='lat' dir='ltr'>et</span> <span class='ocrx_word' id='word_1_11' title='bbox 1243 172 1338 205; x_wconf 78' lang='lat' dir='ltr'>venit</span> <span class='ocrx_word' id='word_1_12' title='bbox 1363 171 1400 203; x_wconf 89' lang='lat' dir='ltr'>in</span> 
     </span>
     <span class='ocr_line' id='line_1_3' title="bbox 13 219 1403 278; baseline -0.021 -4"><span class='ocrx_word' id='word_1_13' title='bbox 13 241 129 275; x_wconf 79' lang='lat' dir='ltr'>Gades.</span> <span class='ocrx_word' id='word_1_14' title='bbox 176 240 224 271; x_wconf 82' lang='lat'>17.</span> <span class='ocrx_word' id='word_1_15' title='bbox 249 237 412 278; x_wconf 82' lang='lat' dir='ltr'>Misitque</span> <span class='ocrx_word' id='word_1_16' title='bbox 438 233 578 265; x_wconf 86' lang='lat' dir='ltr'>nuntios</span> <span class='ocrx_word' id='word_1_17' title='bbox 604 230 645 263; x_wconf 88' lang='lat' dir='ltr'>ad</span> <span class='ocrx_word' id='word_1_18' title='bbox 673 238 785 271; x_wconf 83' lang='lat' dir='ltr'>regem</span> <span class='ocrx_word' id='word_1_19' title='bbox 813 226 935 261; x_wconf 70' lang='lat' dir='ltr'>Edoni,</span> <span class='ocrx_word' id='word_1_20' title='bbox 960 223 1089 255; x_wconf 77' lang='lat' dir='ltr'>dicens:</span> <span class='ocrx_word' id='word_1_21' title='bbox 1118 219 1259 251; x_wconf 76' lang='lat' dir='ltr'>Dimitte</span> <span class='ocrx_word' id='word_1_22' title='bbox 1286 227 1339 248; x_wconf 86' lang='lat' dir='ltr'>me</span> <span class='ocrx_word' id='word_1_23' title='bbox 1364 220 1403 247; x_wconf 87' lang='lat' dir='ltr'>ut</span> 
     </span>
     <span class='ocr_line' id='line_1_4' title="bbox 12 259 1403 323; baseline -0.021 -5"><span class='ocrx_word' id='word_1_24' title='bbox 12 290 182 318; x_wconf 79' lang='lat' dir='ltr'>transeam</span> <span class='ocrx_word' id='word_1_25' title='bbox 224 291 282 323; x_wconf 86' lang='lat' dir='ltr'>per</span> <span class='ocrx_word' id='word_1_26' title='bbox 319 283 442 311; x_wconf 86' lang='lat' dir='ltr'>terram</span> <span class='ocrx_word' id='word_1_27' title='bbox 483 280 589 307; x_wconf 85' lang='lat' dir='ltr'>tuam.</span> <span class='ocrx_word' id='word_1_28' title='bbox 636 273 702 312; x_wconf 83' lang='lat' dir='ltr'>Qui</span> <span class='ocrx_word' id='word_1_29' title='bbox 742 270 855 303; x_wconf 84' lang='lat' dir='ltr'>noluit</span> <span class='ocrx_word' id='word_1_30' title='bbox 893 267 1104 309; x_wconf 73' lang='lat' dir='ltr'>acquiescere</span> <span class='ocrx_word' id='word_1_31' title='bbox 1135 261 1292 305; x_wconf 82' lang='lat' dir='ltr'>precibus</span> <span class='ocrx_word' id='word_1_32' title='bbox 1322 259 1403 300; x_wconf 86' lang='lat' dir='ltr'>ejus.</span> 
     </span>
     <span class='ocr_line' id='line_1_5' title="bbox 15 302 1404 369; baseline -0.021 -7"><span class='ocrx_word' id='word_1_33' title='bbox 15 328 110 361; x_wconf 79' lang='lat' dir='ltr'>Misit</span> <span class='ocrx_word' id='word_1_34' title='bbox 125 336 262 369; x_wconf 85' lang='lat' dir='ltr'>quoque</span> <span class='ocrx_word' id='word_1_35' title='bbox 279 324 321 356; x_wconf 88' lang='lat' dir='ltr'>ad</span> <span class='ocrx_word' id='word_1_36' title='bbox 340 332 451 362; x_wconf 68' lang='lat' dir='ltr'>regem</span> <span class='ocrx_word' id='word_1_37' title='bbox 471 319 582 356; x_wconf 80' lang='lat' dir='ltr'>Moab,</span> <span class='ocrx_word' id='word_1_38' title='bbox 599 317 659 360; x_wconf 88' lang='lat' dir='ltr'>qui</span> <span class='ocrx_word' id='word_1_39' title='bbox 677 321 708 348; x_wconf 88' lang='lat' dir='ltr'>et</span> <span class='ocrx_word' id='word_1_40' title='bbox 726 316 796 357; x_wconf 84' lang='lat' dir='ltr'>ipse</span> <span class='ocrx_word' id='word_1_41' title='bbox 812 312 995 345; x_wconf 78' lang='lat' dir='ltr'>transitum</span> <span class='ocrx_word' id='word_1_42' title='bbox 1015 307 1174 352; x_wconf 82' lang='lat' dir='ltr'>praebere</span> <span class='ocrx_word' id='word_1_43' title='bbox 1191 302 1404 345; x_wconf 74' lang='lat' dir='ltr'>contempsit.</span> 
     </span>
     <span class='ocr_line' id='line_1_6' title="bbox 16 348 1407 411; baseline -0.02 -6"><span class='ocrx_word' id='word_1_44' title='bbox 16 371 143 405; x_wconf 80' lang='lat' dir='ltr'>Mansit</span> <span class='ocrx_word' id='word_1_45' title='bbox 172 370 288 411; x_wconf 83' lang='lat' dir='ltr'>itaque</span> <span class='ocrx_word' id='word_1_46' title='bbox 316 367 352 398; x_wconf 86' lang='lat' dir='ltr'>in</span> <span class='ocrx_word' id='word_1_47' title='bbox 381 365 497 402; x_wconf 58' lang='lat' dir='ltr'>(fades,</span> <span class='ocrx_word' id='word_1_48' title='bbox 544 365 592 394; x_wconf 70' lang='lat' dir='ltr'>is.</span> <span class='ocrx_word' id='word_1_49' title='bbox 627 366 658 393; x_wconf 90' lang='lat' dir='ltr'>et</span> <span class='ocrx_word' id='word_1_50' title='bbox 685 358 845 392; x_wconf 71' lang='lat' dir='ltr'>circuivit</span> <span class='ocrx_word' id='word_1_51' title='bbox 871 367 913 388; x_wconf 82' lang='lat' dir='ltr'>ex</span> <span class='ocrx_word' id='word_1_52' title='bbox 941 355 1044 386; x_wconf 83' lang='lat' dir='ltr'>latere</span> <span class='ocrx_word' id='word_1_53' title='bbox 1072 356 1197 383; x_wconf 84' lang='lat' dir='ltr'>terram</span> <span class='ocrx_word' id='word_1_54' title='bbox 1227 348 1347 384; x_wconf 86' lang='lat' dir='ltr'>Edom,</span> <span class='ocrx_word' id='word_1_55' title='bbox 1375 348 1407 378; x_wconf 83' lang='grc'>01</span> 
     </span>
     <span class='ocr_line' id='line_1_7' title="bbox 15 390 1408 450; baseline -0.02 -2"><span class='ocrx_word' id='word_1_56' title='bbox 15 419 142 448; x_wconf 76' lang='lat' dir='ltr'>terram</span> <span class='ocrx_word' id='word_1_57' title='bbox 175 412 290 445; x_wconf 83' lang='lat' dir='ltr'>Moab:</span> <span class='ocrx_word' id='word_1_58' title='bbox 330 409 493 450; x_wconf 83' lang='lat' dir='ltr'>venitque</span> <span class='ocrx_word' id='word_1_59' title='bbox 532 410 649 437; x_wconf 84' lang='lat' dir='ltr'>contra</span> <span class='ocrx_word' id='word_1_60' title='bbox 688 401 887 435; x_wconf 74' lang='lat' dir='ltr'>orientalem</span> <span class='ocrx_word' id='word_1_61' title='bbox 921 398 1058 441; x_wconf 73' lang='lat' dir='ltr'>plagam</span> <span class='ocrx_word' id='word_1_62' title='bbox 1090 399 1199 427; x_wconf 80' lang='lat' dir='ltr'>terrae</span> <span class='ocrx_word' id='word_1_63' title='bbox 1231 390 1342 428; x_wconf 80' lang='lat' dir='ltr'>Moab,</span> <span class='ocrx_word' id='word_1_64' title='bbox 1376 392 1408 421; x_wconf 81' lang='lat' dir='ltr'>et</span> 
     </span>
     <span class='ocr_line' id='line_1_8' title="bbox 16 433 1408 493; baseline -0.02 -1"><span class='ocrx_word' id='word_1_65' title='bbox 16 461 274 493; x_wconf 79' lang='lat' dir='ltr'>castrametatus</span> <span class='ocrx_word' id='word_1_66' title='bbox 312 458 361 486; x_wconf 88' lang='lat' dir='ltr'>est</span> <span class='ocrx_word' id='word_1_67' title='bbox 398 457 492 484; x_wconf 87' lang='lat' dir='ltr'>trans</span> <span class='ocrx_word' id='word_1_68' title='bbox 524 451 659 481; x_wconf 83' lang='lat' dir='ltr'>Arnon:</span> <span class='ocrx_word' id='word_1_69' title='bbox 699 457 760 478; x_wconf 84' lang='lat' dir='ltr'>nec</span> <span class='ocrx_word' id='word_1_70' title='bbox 790 444 902 476; x_wconf 66' lang='lat' dir='ltr'>voluit</span> <span class='ocrx_word' id='word_1_71' title='bbox 933 442 1061 473; x_wconf 81' lang='lat' dir='ltr'>intrare</span> <span class='ocrx_word' id='word_1_72' title='bbox 1093 437 1257 470; x_wconf 85' lang='lat' dir='ltr'>terminos</span> <span class='ocrx_word' id='word_1_73' title='bbox 1289 433 1408 466; x_wconf 83' lang='lat' dir='ltr'>Moab:</span> 
     </span>
     <span class='ocr_line' id='line_1_9' title="bbox 17 476 1404 543; baseline -0.021 -7"><span class='ocrx_word' id='word_1_74' title='bbox 17 504 138 536; x_wconf 87' lang='lat' dir='ltr'>Arnon</span> <span class='ocrx_word' id='word_1_75' title='bbox 169 500 297 543; x_wconf 79' lang='lat' dir='ltr'>quippe</span> <span class='ocrx_word' id='word_1_76' title='bbox 328 496 517 529; x_wconf 82' lang='lat' dir='ltr'>confinium</span> <span class='ocrx_word' id='word_1_77' title='bbox 550 498 599 525; x_wconf 89' lang='lat' dir='ltr'>est</span> <span class='ocrx_word' id='word_1_78' title='bbox 629 496 737 523; x_wconf 80' lang='lat' dir='ltr'>terrae</span> <span class='ocrx_word' id='word_1_79' title='bbox 769 487 878 520; x_wconf 82' lang='lat' dir='ltr'>Moab.</span> <span class='ocrx_word' id='word_1_80' title='bbox 926 486 975 517; x_wconf 82' lang='lat'>19.</span> <span class='ocrx_word' id='word_1_81' title='bbox 1016 483 1109 515; x_wconf 81' lang='lat' dir='ltr'>Misit</span> <span class='ocrx_word' id='word_1_82' title='bbox 1146 481 1263 521; x_wconf 79' lang='lat' dir='ltr'>itaque</span> <span class='ocrx_word' id='word_1_83' title='bbox 1302 476 1404 509; x_wconf 83' lang='lat' dir='ltr'>Israel</span> 
     </span>
     <span class='ocr_line' id='line_1_10' title="bbox 17 521 1410 584; baseline -0.02 -5"><span class='ocrx_word' id='word_1_84' title='bbox 17 546 158 584; x_wconf 87' lang='lat' dir='ltr'>nuntios</span> <span class='ocrx_word' id='word_1_85' title='bbox 174 544 218 576; x_wconf 86' lang='lat' dir='ltr'>ad</span> <span class='ocrx_word' id='word_1_86' title='bbox 235 543 347 575; x_wconf 55' lang='lat' dir='ltr'>Seiron</span> <span class='ocrx_word' id='word_1_87' title='bbox 366 550 477 582; x_wconf 78' lang='lat' dir='ltr'>regem</span> <span class='ocrx_word' id='word_1_88' title='bbox 497 536 799 570; x_wconf 78' lang='lat' dir='ltr'>Amorrhaeorum,</span> <span class='ocrx_word' id='word_1_89' title='bbox 827 530 887 573; x_wconf 84' lang='lat' dir='ltr'>qui</span> <span class='ocrx_word' id='word_1_90' title='bbox 915 527 1094 561; x_wconf 84' lang='lat' dir='ltr'>habitabat</span> <span class='ocrx_word' id='word_1_91' title='bbox 1121 525 1158 556; x_wconf 89' lang='lat' dir='ltr'>in</span> <span class='ocrx_word' id='word_1_92' title='bbox 1186 521 1356 558; x_wconf 82' lang='lat' dir='ltr'>Hesebon,</span> <span class='ocrx_word' id='word_1_93' title='bbox 1377 524 1410 552; x_wconf 86' lang='lat' dir='ltr'>et</span> 
     </span>
     <span class='ocr_line' id='line_1_11' title="bbox 0 564 1409 644; baseline -0.02 -21"><span class='ocrx_word' id='word_1_94' title='bbox 0 603 1 644; x_wconf 43' lang='grc'>1</span> <span class='ocrx_word' id='word_1_95' title='bbox 18 588 234 623; x_wconf 81' lang='lat' dir='ltr'>dixeruntei:</span> <span class='ocrx_word' id='word_1_96' title='bbox 253 585 618 618; x_wconf 80' lang='lat' dir='ltr'>Dimitteuttranseam</span> <span class='ocrx_word' id='word_1_97' title='bbox 630 583 820 621; x_wconf 83' lang='lat' dir='ltr'>perterram</span> <span class='ocrx_word' id='word_1_98' title='bbox 831 580 925 607; x_wconf 81' lang='lat' dir='ltr'>tuam</span> <span class='ocrx_word' id='word_1_99' title='bbox 937 570 1094 614; x_wconf 78' lang='lat' dir='ltr'>usquead</span> <span class='ocrx_word' id='word_1_100' title='bbox 1106 568 1263 601; x_wconf 76' lang='lat' dir='ltr'>fluvium.</span> <span class='ocrx_word' id='word_1_101' title='bbox 1281 566 1331 597; x_wconf 86' lang='lat'>20.</span> <span class='ocrx_word' id='word_1_102' title='bbox 1343 564 1409 603; x_wconf 82' lang='lat' dir='ltr'>Qui</span> 
     </span>
     <span class='ocr_line' id='line_1_12' title="bbox 19 608 1411 675; baseline -0.021 -8"><span class='ocrx_word' id='word_1_103' title='bbox 19 638 52 667; x_wconf 84' lang='lat' dir='ltr'>et</span> <span class='ocrx_word' id='word_1_104' title='bbox 76 634 146 675; x_wconf 79' lang='lat' dir='ltr'>ipse</span> <span class='ocrx_word' id='word_1_105' title='bbox 173 630 276 664; x_wconf 89' lang='lat' dir='ltr'>Israel</span> <span class='ocrx_word' id='word_1_106' title='bbox 303 628 407 660; x_wconf 76' lang='lat' dir='ltr'>verba</span> <span class='ocrx_word' id='word_1_107' title='bbox 433 625 632 667; x_wconf 71' lang='lat' dir='ltr'>despiciens,</span> <span class='ocrx_word' id='word_1_108' title='bbox 659 633 727 653; x_wconf 88' lang='lat' dir='ltr'>non</span> <span class='ocrx_word' id='word_1_109' title='bbox 754 618 887 651; x_wconf 82' lang='lat' dir='ltr'>dimisit</span> <span class='ocrx_word' id='word_1_110' title='bbox 913 627 989 648; x_wconf 88' lang='lat' dir='ltr'>eum</span> <span class='ocrx_word' id='word_1_111' title='bbox 1008 613 1155 646; x_wconf 80' lang='lat' dir='ltr'>transire</span> <span class='ocrx_word' id='word_1_112' title='bbox 1172 622 1230 653; x_wconf 89' lang='lat' dir='ltr'>per</span> <span class='ocrx_word' id='word_1_113' title='bbox 1246 608 1411 642; x_wconf 87' lang='lat' dir='ltr'>terminos</span> 
     </span>
     <span class='ocr_line' id='line_1_13' title="bbox 19 651 1412 711; baseline -0.021 0"><span class='ocrx_word' id='word_1_114' title='bbox 19 684 111 711; x_wconf 79' lang='lat' dir='ltr'>suos:</span> <span class='ocrx_word' id='word_1_115' title='bbox 135 675 192 708; x_wconf 88' lang='lat' dir='ltr'>sed</span> <span class='ocrx_word' id='word_1_116' title='bbox 220 673 360 706; x_wconf 84' lang='lat' dir='ltr'>infinita</span> <span class='ocrx_word' id='word_1_117' title='bbox 388 668 613 702; x_wconf 87' lang='lat' dir='ltr'>mult&#39;tudine</span> <span class='ocrx_word' id='word_1_118' title='bbox 635 667 839 707; x_wconf 73' lang='lat' dir='ltr'>congregata</span> <span class='ocrx_word' id='word_1_119' title='bbox 867 670 1018 703; x_wconf 80' lang='lat' dir='ltr'>egressus</span> <span class='ocrx_word' id='word_1_120' title='bbox 1047 661 1094 689; x_wconf 83' lang='lat' dir='ltr'>est</span> <span class='ocrx_word' id='word_1_121' title='bbox 1122 660 1239 687; x_wconf 86' lang='lat' dir='ltr'>contra</span> <span class='ocrx_word' id='word_1_122' title='bbox 1267 663 1346 685; x_wconf 88' lang='lat' dir='ltr'>eum</span> <span class='ocrx_word' id='word_1_123' title='bbox 1374 651 1412 682; x_wconf 80' lang='lat' dir='ltr'>in</span> 
     </span>
     <span class='ocr_line' id='line_1_14' title="bbox 19 698 1414 759; baseline -0.021 -5"><span class='ocrx_word' id='word_1_124' title='bbox 19 721 110 759; x_wconf 83' lang='lat' dir='ltr'>Jasa,</span> <span class='ocrx_word' id='word_1_125' title='bbox 140 724 172 752; x_wconf 89' lang='lat' dir='ltr'>et</span> <span class='ocrx_word' id='word_1_126' title='bbox 202 717 334 750; x_wconf 86' lang='lat' dir='ltr'>fortiter</span> <span class='ocrx_word' id='word_1_127' title='bbox 360 713 543 747; x_wconf 73' lang='lat' dir='ltr'>resistebat.</span> <span class='ocrx_word' id='word_1_128' title='bbox 591 712 640 742; x_wconf 87' lang='lat'>21.</span> <span class='ocrx_word' id='word_1_129' title='bbox 673 707 900 747; x_wconf 85' lang='lat' dir='ltr'>Tradiditque</span> <span class='ocrx_word' id='word_1_130' title='bbox 925 714 1003 735; x_wconf 79' lang='lat' dir='ltr'>eum</span> <span class='ocrx_word' id='word_1_131' title='bbox 1031 700 1201 733; x_wconf 83' lang='lat' dir='ltr'>Dominus</span> <span class='ocrx_word' id='word_1_132' title='bbox 1225 698 1261 729; x_wconf 91' lang='lat' dir='ltr'>in</span> <span class='ocrx_word' id='word_1_133' title='bbox 1288 705 1414 727; x_wconf 86' lang='lat' dir='ltr'>manus</span> 
     </span>
     <span class='ocr_line' id='line_1_15' title="bbox 22 741 1411 797; baseline -0.021 1"><span class='ocrx_word' id='word_1_134' title='bbox 22 764 126 797; x_wconf 86' lang='lat' dir='ltr'>Israel</span> <span class='ocrx_word' id='word_1_135' title='bbox 143 773 221 795; x_wconf 86' lang='grc'><strong>011111</strong></span> <span class='ocrx_word' id='word_1_136' title='bbox 248 760 343 793; x_wconf 85' lang='lat' dir='ltr'>omni</span> <span class='ocrx_word' id='word_1_137' title='bbox 370 757 519 790; x_wconf 80' lang='lat' dir='ltr'>exercitu</span> <span class='ocrx_word' id='word_1_138' title='bbox 546 766 617 792; x_wconf 86' lang='lat' dir='ltr'>suo,</span> <span class='ocrx_word' id='word_1_139' title='bbox 648 753 708 795; x_wconf 88' lang='lat' dir='ltr'>qui</span> <span class='ocrx_word' id='word_1_140' title='bbox 740 749 905 793; x_wconf 71' lang='lat' dir='ltr'>percussit</span> <span class='ocrx_word' id='word_1_141' title='bbox 930 758 1020 784; x_wconf 89' lang='grc'><strong>011111,</strong></span> <span class='ocrx_word' id='word_1_142' title='bbox 1045 748 1077 777; x_wconf 91' lang='lat' dir='ltr'>et</span> <span class='ocrx_word' id='word_1_143' title='bbox 1102 741 1249 786; x_wconf 74' lang='lat' dir='ltr'>possedit</span> <span class='ocrx_word' id='word_1_144' title='bbox 1275 749 1411 772; x_wconf 87' lang='lat' dir='ltr'>omnem</span> 
     </span>
     <span class='ocr_line' id='line_1_16' title="bbox 21 783 1414 841; baseline -0.021 0"><span class='ocrx_word' id='word_1_145' title='bbox 21 813 146 841; x_wconf 85' lang='lat' dir='ltr'>terram</span> <span class='ocrx_word' id='word_1_146' title='bbox 165 801 399 838; x_wconf 78' lang='lat' dir='ltr'>Amorrhaei¹³</span> <span class='ocrx_word' id='word_1_147' title='bbox 422 798 624 833; x_wconf 76' lang='lat' dir='ltr'>habitatoris</span> <span class='ocrx_word' id='word_1_148' title='bbox 651 795 801 838; x_wconf 83' lang='lat' dir='ltr'>regionis</span> <span class='ocrx_word' id='word_1_149' title='bbox 829 792 934 825; x_wconf 80' lang='lat' dir='ltr'>illius,</span> <span class='ocrx_word' id='word_1_150' title='bbox 980 791 1030 821; x_wconf 87' lang='lat'>22.</span> <span class='ocrx_word' id='word_1_151' title='bbox 1065 795 1098 820; x_wconf 87' lang='lat' dir='ltr'>et</span> <span class='ocrx_word' id='word_1_152' title='bbox 1126 786 1302 819; x_wconf 82' lang='lat' dir='ltr'>universos</span> <span class='ocrx_word' id='word_1_153' title='bbox 1329 783 1414 814; x_wconf 89' lang='lat' dir='ltr'>fines</span> 
     </span>
     <span class='ocr_line' id='line_1_17' title="bbox 22 827 1442 895; baseline -0.02 -10"><span class='ocrx_word' id='word_1_154' title='bbox 22 853 94 895; x_wconf 86' lang='lat' dir='ltr'>ejus</span> <span class='ocrx_word' id='word_1_155' title='bbox 119 851 161 883; x_wconf 87' lang='lat' dir='ltr'>de</span> <span class='ocrx_word' id='word_1_156' title='bbox 187 850 307 881; x_wconf 88' lang='lat' dir='ltr'>Arnon</span> <span class='ocrx_word' id='word_1_157' title='bbox 324 857 432 889; x_wconf 83' lang='lat' dir='ltr'>usque</span> <span class='ocrx_word' id='word_1_158' title='bbox 458 844 500 876; x_wconf 84' lang='lat' dir='ltr'>ad</span> <span class='ocrx_word' id='word_1_159' title='bbox 528 842 643 879; x_wconf 79' lang='lat' dir='ltr'>Jaboo,</span> <span class='ocrx_word' id='word_1_160' title='bbox 671 845 702 872; x_wconf 88' lang='lat' dir='ltr'>et</span> <span class='ocrx_word' id='word_1_161' title='bbox 730 839 771 870; x_wconf 88' lang='lat' dir='ltr'>(le</span> <span class='ocrx_word' id='word_1_162' title='bbox 799 835 985 869; x_wconf 79' lang='lat' dir='ltr'>solitudine</span> <span class='ocrx_word' id='word_1_163' title='bbox 1011 842 1118 874; x_wconf 84' lang='lat' dir='ltr'>usque</span> <span class='ocrx_word' id='word_1_164' title='bbox 1146 830 1189 862; x_wconf 88' lang='lat' dir='ltr'>ad</span> <span class='ocrx_word' id='word_1_165' title='bbox 1217 827 1413 861; x_wconf 88' lang='lat' dir='ltr'>Jordanem.</span> <span class='ocrx_word' id='word_1_166' title='bbox 1440 843 1442 846; x_wconf 60' lang='lat'>&gt;</span> 
     </span>
     <span class='ocr_line' id='line_1_18' title="bbox 22 874 1414 932; baseline -0.021 -3"><span class='ocrx_word' id='word_1_167' title='bbox 22 897 73 928; x_wconf 81' lang='lat'>23.</span> <span class='ocrx_word' id='word_1_168' title='bbox 99 894 268 927; x_wconf 82' lang='lat' dir='ltr'>Dominus</span> <span class='ocrx_word' id='word_1_169' title='bbox 293 901 372 932; x_wconf 79' lang='lat' dir='ltr'>ergo</span> <span class='ocrx_word' id='word_1_170' title='bbox 399 889 489 921; x_wconf 87' lang='lat' dir='ltr'>Deus</span> <span class='ocrx_word' id='word_1_171' title='bbox 507 885 610 918; x_wconf 84' lang='lat' dir='ltr'>Israel</span> <span class='ocrx_word' id='word_1_172' title='bbox 628 882 796 916; x_wconf 83' lang='lat' dir='ltr'>subvertit</span> <span class='ocrx_word' id='word_1_173' title='bbox 812 878 1077 914; x_wconf 86' lang='lat' dir='ltr'>Amorrhaeum,</span> <span class='ocrx_word' id='word_1_174' title='bbox 1103 875 1279 917; x_wconf 82' lang='lat' dir='ltr'>pugnante</span> <span class='ocrx_word' id='word_1_175' title='bbox 1295 874 1414 902; x_wconf 85' lang='lat' dir='ltr'>contra</span> 
     </span>
     <span class='ocr_line' id='line_1_19' title="bbox 23 914 1414 981; baseline -0.02 -9"><span class='ocrx_word' id='word_1_176' title='bbox 23 939 123 972; x_wconf 90' lang='lat' dir='ltr'>illum</span> <span class='ocrx_word' id='word_1_177' title='bbox 141 936 267 981; x_wconf 86' lang='lat' dir='ltr'>populo</span> <span class='ocrx_word' id='word_1_178' title='bbox 283 945 343 967; x_wconf 93' lang='grc'><strong>5110</strong></span> <span class='ocrx_word' id='word_1_179' title='bbox 362 932 475 970; x_wconf 81' lang='lat' dir='ltr'>Israel⁷</span> <span class='ocrx_word' id='word_1_180' title='bbox 492 934 524 962; x_wconf 90' lang='lat' dir='ltr'>et</span> <span class='ocrx_word' id='word_1_181' title='bbox 540 934 577 962; x_wconf 89' lang='lat' dir='ltr'>tu</span> <span class='ocrx_word' id='word_1_182' title='bbox 595 939 689 960; x_wconf 86' lang='lat' dir='ltr'>nuuc</span> <span class='ocrx_word' id='word_1_183' title='bbox 706 926 758 958; x_wconf 74' lang='lat' dir='ltr'>vis</span> <span class='ocrx_word' id='word_1_184' title='bbox 775 923 943 967; x_wconf 85' lang='lat' dir='ltr'>possidere</span> <span class='ocrx_word' id='word_1_185' title='bbox 960 926 1084 953; x_wconf 84' lang='lat' dir='ltr'>terram</span> <span class='ocrx_word' id='word_1_186' title='bbox 1109 917 1201 959; x_wconf 74' lang='lat' dir='ltr'>ejus?</span> <span class='ocrx_word' id='word_1_187' title='bbox 1247 916 1297 947; x_wconf 77' lang='lat'>24.</span> <span class='ocrx_word' id='word_1_188' title='bbox 1322 914 1414 945; x_wconf 80' lang='lat' dir='ltr'>Non-</span> 
     </span>
     <span class='ocr_line' id='line_1_20' title="bbox 25 957 1414 1023; baseline -0.021 -7"><span class='ocrx_word' id='word_1_189' title='bbox 25 994 68 1016; x_wconf 87' lang='lat' dir='ltr'>ne</span> <span class='ocrx_word' id='word_1_190' title='bbox 99 993 136 1014; x_wconf 85' lang='lat' dir='ltr'>ea</span> <span class='ocrx_word' id='word_1_191' title='bbox 167 991 254 1023; x_wconf 85' lang='lat' dir='ltr'>quae</span> <span class='ocrx_word' id='word_1_192' title='bbox 282 977 429 1021; x_wconf 73' lang='lat' dir='ltr'>possidet</span> <span class='ocrx_word' id='word_1_193' title='bbox 455 975 602 1007; x_wconf 72' lang='lat' dir='ltr'>Cli-amos</span> <span class='ocrx_word' id='word_1_194' title='bbox 629 972 719 1004; x_wconf 86' lang='lat' dir='ltr'>Deus</span> <span class='ocrx_word' id='word_1_195' title='bbox 746 973 835 1006; x_wconf 85' lang='lat' dir='ltr'>tuus,</span> <span class='ocrx_word' id='word_1_196' title='bbox 866 966 930 998; x_wconf 80' lang='lat' dir='ltr'>tibi</span> <span class='ocrx_word' id='word_1_197' title='bbox 958 965 1034 1007; x_wconf 84' lang='lat' dir='ltr'>jure</span> <span class='ocrx_word' id='word_1_198' title='bbox 1067 958 1285 994; x_wconf 74' lang='lat' dir='ltr'>debentur?¹⁴</span> <span class='ocrx_word' id='word_1_199' title='bbox 1319 957 1414 996; x_wconf 83' lang='lat' dir='ltr'>Quae</span> 
     </span>
     <span class='ocr_line' id='line_1_21' title="bbox 24 1004 1415 1060; baseline -0.021 0"><span class='ocrx_word' id='word_1_200' title='bbox 24 1030 138 1060; x_wconf 84' lang='lat' dir='ltr'>autem</span> <span class='ocrx_word' id='word_1_201' title='bbox 157 1023 327 1057; x_wconf 82' lang='lat' dir='ltr'>Dominus</span> <span class='ocrx_word' id='word_1_202' title='bbox 344 1021 435 1053; x_wconf 87' lang='lat' dir='ltr'>Deus</span> <span class='ocrx_word' id='word_1_203' title='bbox 452 1022 564 1050; x_wconf 80' lang='lat' dir='ltr'>noster</span> <span class='ocrx_word' id='word_1_204' title='bbox 581 1017 688 1048; x_wconf 82' lang='lat' dir='ltr'>victor</span> <span class='ocrx_word' id='word_1_205' title='bbox 714 1011 874 1049; x_wconf 86' lang='lat' dir='ltr'>obtinuit,</span> <span class='ocrx_word' id='word_1_206' title='bbox 902 1010 939 1041; x_wconf 85' lang='lat' dir='ltr'>in</span> <span class='ocrx_word' id='word_1_207' title='bbox 968 1012 1118 1040; x_wconf 79' lang='lat' dir='ltr'>nostram</span> <span class='ocrx_word' id='word_1_208' title='bbox 1145 1004 1265 1037; x_wconf 82' lang='lat' dir='ltr'>cedent</span> <span class='ocrx_word' id='word_1_209' title='bbox 1292 1011 1415 1044; x_wconf 82' lang='lat' dir='ltr'>posses-</span> 
     </span>
     <span class='ocr_line' id='line_1_22' title="bbox 24 1046 1418 1103; baseline -0.02 0"><span class='ocrx_word' id='word_1_210' title='bbox 24 1070 170 1103; x_wconf 86' lang='lat' dir='ltr'>sionem:</span> <span class='ocrx_word' id='word_1_211' title='bbox 217 1068 268 1099; x_wconf 84' lang='lat'>25.</span> <span class='ocrx_word' id='word_1_212' title='bbox 303 1065 366 1097; x_wconf 85' lang='lat' dir='ltr'>nisi</span> <span class='ocrx_word' id='word_1_213' title='bbox 397 1064 481 1095; x_wconf 79' lang='lat' dir='ltr'>forte</span> <span class='ocrx_word' id='word_1_214' title='bbox 508 1061 627 1093; x_wconf 80' lang='lat' dir='ltr'>melior</span> <span class='ocrx_word' id='word_1_215' title='bbox 655 1070 688 1091; x_wconf 85' lang='lat' dir='ltr'>es</span> <span class='ocrx_word' id='word_1_216' title='bbox 717 1056 820 1089; x_wconf 83' lang='lat' dir='ltr'>Balac</span> <span class='ocrx_word' id='word_1_217' title='bbox 847 1054 918 1086; x_wconf 83' lang='lat' dir='ltr'>filio</span> <span class='ocrx_word' id='word_1_218' title='bbox 945 1051 1075 1093; x_wconf 85' lang='lat' dir='ltr'>Sephor</span> <span class='ocrx_word' id='word_1_219' title='bbox 1103 1059 1180 1089; x_wconf 68' lang='lat' dir='ltr'>rege</span> <span class='ocrx_word' id='word_1_220' title='bbox 1208 1046 1323 1079; x_wconf 84' lang='lat' dir='ltr'>Moab:</span> <span class='ocrx_word' id='word_1_221' title='bbox 1356 1046 1418 1076; x_wconf 87' lang='lat' dir='ltr'>aut</span> 
     </span>
     <span class='ocr_line' id='line_1_23' title="bbox 25 1093 1412 1155; baseline -0.021 -8"><span class='ocrx_word' id='word_1_222' title='bbox 25 1114 144 1147; x_wconf 80' lang='lat' dir='ltr'>docere</span> <span class='ocrx_word' id='word_1_223' title='bbox 160 1115 262 1155; x_wconf 82' lang='lat' dir='ltr'>potes,</span> <span class='ocrx_word' id='word_1_224' title='bbox 290 1108 381 1152; x_wconf 85' lang='lat' dir='ltr'>quod</span> <span class='ocrx_word' id='word_1_225' title='bbox 395 1108 553 1149; x_wconf 80' lang='lat' dir='ltr'>jurgatus</span> <span class='ocrx_word' id='word_1_226' title='bbox 569 1104 612 1135; x_wconf 87' lang='lat' dir='ltr'>sit</span> <span class='ocrx_word' id='word_1_227' title='bbox 629 1106 746 1134; x_wconf 84' lang='lat' dir='ltr'>contra</span> <span class='ocrx_word' id='word_1_228' title='bbox 764 1098 878 1135; x_wconf 77' lang='lat' dir='ltr'>Israel,</span> <span class='ocrx_word' id='word_1_229' title='bbox 905 1101 938 1129; x_wconf 86' lang='lat' dir='ltr'>et</span> <span class='ocrx_word' id='word_1_230' title='bbox 965 1093 1172 1138; x_wconf 69' lang='lat' dir='ltr'>pugnaverit</span> <span class='ocrx_word' id='word_1_231' title='bbox 1188 1094 1305 1123; x_wconf 87' lang='lat' dir='ltr'>contra</span> <span class='ocrx_word' id='word_1_232' title='bbox 1321 1098 1412 1123; x_wconf 79' lang='lat' dir='ltr'>eum,</span> 
     </span>
     <span class='ocr_line' id='line_1_24' title="bbox 27 1131 1416 1199; baseline -0.021 -8"><span class='ocrx_word' id='word_1_233' title='bbox 27 1158 77 1191; x_wconf 85' lang='lat'>26.</span> <span class='ocrx_word' id='word_1_234' title='bbox 101 1155 242 1199; x_wconf 89' lang='lat' dir='ltr'>quando</span> <span class='ocrx_word' id='word_1_235' title='bbox 257 1152 430 1185; x_wconf 72' lang='lat' dir='ltr'>habitavit</span> <span class='ocrx_word' id='word_1_236' title='bbox 446 1151 481 1181; x_wconf 90' lang='lat' dir='ltr'>in</span> <span class='ocrx_word' id='word_1_237' title='bbox 501 1147 670 1183; x_wconf 69' lang='lat' dir='ltr'>Hesebon.</span> <span class='ocrx_word' id='word_1_238' title='bbox 696 1149 728 1177; x_wconf 86' lang='lat' dir='ltr'>et</span> <span class='ocrx_word' id='word_1_239' title='bbox 753 1142 877 1176; x_wconf 72' lang='lat' dir='ltr'>vic-ulis</span> <span class='ocrx_word' id='word_1_240' title='bbox 899 1141 979 1182; x_wconf 86' lang='lat' dir='ltr'>ejus,</span> <span class='ocrx_word' id='word_1_241' title='bbox 1005 1143 1036 1171; x_wconf 85' lang='lat' dir='ltr'>et</span> <span class='ocrx_word' id='word_1_242' title='bbox 1061 1138 1098 1169; x_wconf 83' lang='lat' dir='ltr'>in</span> <span class='ocrx_word' id='word_1_243' title='bbox 1124 1137 1240 1168; x_wconf 87' lang='lat' dir='ltr'>Aroer.</span> <span class='ocrx_word' id='word_1_244' title='bbox 1265 1137 1296 1165; x_wconf 87' lang='lat' dir='ltr'>et</span> <span class='ocrx_word' id='word_1_245' title='bbox 1321 1131 1416 1164; x_wconf 74' lang='lat' dir='ltr'>villis</span> 
     </span>
     <span class='ocr_line' id='line_1_25' title="bbox 27 1174 1417 1238; baseline -0.02 -4"><span class='ocrx_word' id='word_1_246' title='bbox 27 1201 131 1238; x_wconf 79' lang='lat' dir='ltr'>illius,</span> <span class='ocrx_word' id='word_1_247' title='bbox 159 1198 212 1231; x_wconf 86' lang='lat' dir='ltr'>vel</span> <span class='ocrx_word' id='word_1_248' title='bbox 238 1198 275 1229; x_wconf 88' lang='lat' dir='ltr'>in</span> <span class='ocrx_word' id='word_1_249' title='bbox 301 1195 432 1229; x_wconf 87' lang='lat' dir='ltr'>cunctis</span> <span class='ocrx_word' id='word_1_250' title='bbox 451 1190 763 1231; x_wconf 80' lang='lat' dir='ltr'>civitatihusjuxta</span> <span class='ocrx_word' id='word_1_251' title='bbox 779 1186 976 1222; x_wconf 58' lang='grc' dir='ltr'>ι1011111110111,</span> <span class='ocrx_word' id='word_1_252' title='bbox 1003 1193 1062 1224; x_wconf 88' lang='lat' dir='ltr'>per</span> <span class='ocrx_word' id='word_1_253' title='bbox 1089 1182 1254 1212; x_wconf 86' lang='lat' dir='ltr'>trecentos</span> <span class='ocrx_word' id='word_1_254' title='bbox 1270 1174 1417 1209; x_wconf 81' lang='lat' dir='ltr'>annos.¹⁵</span> 
     </span>
     <span class='ocr_line' id='line_1_26' title="bbox 28 1220 1417 1285; baseline -0.02 -7"><span class='ocrx_word' id='word_1_255' title='bbox 28 1246 142 1285; x_wconf 81' lang='lat' dir='ltr'>Quare</span> <span class='ocrx_word' id='word_1_256' title='bbox 158 1246 253 1275; x_wconf 85' lang='lat' dir='ltr'>tanto</span> <span class='ocrx_word' id='word_1_257' title='bbox 275 1245 426 1281; x_wconf 81' lang='lat' dir='ltr'>tempore</span> <span class='ocrx_word' id='word_1_258' title='bbox 453 1236 543 1268; x_wconf 86' lang='lat' dir='ltr'>nihil</span> <span class='ocrx_word' id='word_1_259' title='bbox 571 1244 672 1276; x_wconf 80' lang='lat' dir='ltr'>super</span> <span class='ocrx_word' id='word_1_260' title='bbox 699 1232 763 1264; x_wconf 80' lang='lat' dir='ltr'>hac</span> <span class='ocrx_word' id='word_1_261' title='bbox 791 1229 992 1272; x_wconf 81' lang='lat' dir='ltr'>repetitione</span> <span class='ocrx_word' id='word_1_262' title='bbox 1008 1224 1184 1257; x_wconf 70' lang='lat' dir='ltr'>tentastis?</span> <span class='ocrx_word' id='word_1_263' title='bbox 1230 1222 1279 1254; x_wconf 78' lang='lat'>27.</span> <span class='ocrx_word' id='word_1_264' title='bbox 1304 1220 1417 1261; x_wconf 85' lang='lat' dir='ltr'>Igitur</span> 
     </span>
     <span class='ocr_line' id='line_1_27' title="bbox 27 1264 1417 1329; baseline -0.021 -7"><span class='ocrx_word' id='word_1_265' title='bbox 27 1300 98 1321; x_wconf 87' lang='lat' dir='ltr'>non</span> <span class='ocrx_word' id='word_1_266' title='bbox 115 1298 176 1329; x_wconf 86' lang='lat' dir='ltr'>ego</span> <span class='ocrx_word' id='word_1_267' title='bbox 193 1295 291 1328; x_wconf 84' lang='lat' dir='ltr'>pecco</span> <span class='ocrx_word' id='word_1_268' title='bbox 308 1284 345 1315; x_wconf 89' lang='lat' dir='ltr'>in</span> <span class='ocrx_word' id='word_1_269' title='bbox 362 1287 402 1319; x_wconf 88' lang='grc'>10,</span> <span class='ocrx_word' id='word_1_270' title='bbox 419 1281 476 1313; x_wconf 85' lang='lat' dir='ltr'>sed</span> <span class='ocrx_word' id='word_1_271' title='bbox 493 1284 529 1312; x_wconf 87' lang='lat' dir='ltr'>tu</span> <span class='ocrx_word' id='word_1_272' title='bbox 547 1282 663 1310; x_wconf 80' lang='lat' dir='ltr'>contra</span> <span class='ocrx_word' id='word_1_273' title='bbox 680 1287 734 1307; x_wconf 87' lang='lat' dir='ltr'>me</span> <span class='ocrx_word' id='word_1_274' title='bbox 751 1274 841 1306; x_wconf 88' lang='lat' dir='ltr'>male</span> <span class='ocrx_word' id='word_1_275' title='bbox 857 1272 939 1314; x_wconf 66' lang='lat' dir='ltr'>agis</span> <span class='ocrx_word' id='word_1_276' title='bbox 964 1269 1120 1302; x_wconf 82' lang='lat' dir='ltr'>indicens</span> <span class='ocrx_word' id='word_1_277' title='bbox 1135 1265 1225 1299; x_wconf 86' lang='lat' dir='ltr'>mihi</span> <span class='ocrx_word' id='word_1_278' title='bbox 1240 1264 1329 1297; x_wconf 85' lang='lat' dir='ltr'>bella</span> <span class='ocrx_word' id='word_1_279' title='bbox 1347 1273 1417 1294; x_wconf 88' lang='lat' dir='ltr'>non</span> 
     </span>
     <span class='ocr_line' id='line_1_28' title="bbox 25 1306 1417 1375; baseline -0.02 -10"><span class='ocrx_word' id='word_1_280' title='bbox 25 1334 126 1375; x_wconf 84' lang='lat' dir='ltr'>justa.</span> <span class='ocrx_word' id='word_1_281' title='bbox 172 1329 309 1363; x_wconf 82' lang='lat' dir='ltr'>Judicet</span> <span class='ocrx_word' id='word_1_282' title='bbox 326 1326 495 1359; x_wconf 82' lang='lat' dir='ltr'>Dominus</span> <span class='ocrx_word' id='word_1_283' title='bbox 515 1322 640 1355; x_wconf 84' lang='lat' dir='ltr'>arbiter</span> <span class='ocrx_word' id='word_1_284' title='bbox 668 1320 771 1360; x_wconf 82' lang='lat' dir='ltr'>hujus</span> <span class='ocrx_word' id='word_1_285' title='bbox 799 1317 864 1349; x_wconf 88' lang='lat' dir='ltr'>diei</span> <span class='ocrx_word' id='word_1_286' title='bbox 895 1316 983 1347; x_wconf 86' lang='lat' dir='ltr'>inter</span> <span class='ocrx_word' id='word_1_287' title='bbox 1011 1311 1125 1350; x_wconf 82' lang='lat' dir='ltr'>Israel,</span> <span class='ocrx_word' id='word_1_288' title='bbox 1153 1314 1186 1342; x_wconf 87' lang='lat' dir='ltr'>et</span> <span class='ocrx_word' id='word_1_289' title='bbox 1211 1309 1301 1340; x_wconf 86' lang='lat' dir='ltr'>iuter</span> <span class='ocrx_word' id='word_1_290' title='bbox 1329 1306 1417 1338; x_wconf 88' lang='lat' dir='ltr'>filios</span> 
     </span>
     <span class='ocr_line' id='line_1_29' title="bbox 31 1350 1417 1410; baseline -0.021 -1"><span class='ocrx_word' id='word_1_291' title='bbox 31 1377 193 1409; x_wconf 86' lang='lat' dir='ltr'>Ammon.</span> <span class='ocrx_word' id='word_1_292' title='bbox 232 1374 282 1405; x_wconf 80' lang='lat'>28.</span> <span class='ocrx_word' id='word_1_293' title='bbox 307 1370 494 1410; x_wconf 78' lang='lat' dir='ltr'>Noluitque</span> <span class='ocrx_word' id='word_1_294' title='bbox 513 1366 724 1408; x_wconf 73' lang='lat' dir='ltr'>acquiescere</span> <span class='ocrx_word' id='word_1_295' title='bbox 742 1373 799 1394; x_wconf 79' lang='lat' dir='ltr'>rex</span> <span class='ocrx_word' id='word_1_296' title='bbox 816 1360 968 1392; x_wconf 80' lang='lat' dir='ltr'>tiliorum</span> <span class='ocrx_word' id='word_1_297' title='bbox 986 1358 1137 1388; x_wconf 81' lang='lat' dir='ltr'>Ammon</span> <span class='ocrx_word' id='word_1_298' title='bbox 1155 1353 1267 1385; x_wconf 80' lang='lat' dir='ltr'>verbis</span> <span class='ocrx_word' id='word_1_299' title='bbox 1284 1350 1417 1392; x_wconf 74' lang='lat' dir='ltr'>Jephte.</span> 
     </span>
     <span class='ocr_line' id='line_1_30' title="bbox 55 1394 1418 1460; baseline -0.021 -8"><span class='ocrx_word' id='word_1_300' title='bbox 55 1430 120 1452; x_wconf 84' lang='lat' dir='ltr'>uae</span> <span class='ocrx_word' id='word_1_301' title='bbox 135 1429 194 1460; x_wconf 90' lang='lat' dir='ltr'>per</span> <span class='ocrx_word' id='word_1_302' title='bbox 211 1415 350 1448; x_wconf 88' lang='lat' dir='ltr'>nuntios</span> <span class='ocrx_word' id='word_1_303' title='bbox 368 1412 599 1445; x_wconf 81' lang='lat' dir='ltr'>mandaverat.</span> <span class='ocrx_word' id='word_1_304' title='bbox 640 1408 689 1439; x_wconf 75' lang='lat'>29.</span> <span class='ocrx_word' id='word_1_305' title='bbox 718 1407 839 1438; x_wconf 84' lang='lat' dir='ltr'>Factus</span> <span class='ocrx_word' id='word_1_306' title='bbox 855 1407 903 1435; x_wconf 83' lang='lat' dir='ltr'>ost</span> <span class='ocrx_word' id='word_1_307' title='bbox 920 1412 998 1443; x_wconf 73' lang='lat' dir='ltr'>ergo</span> <span class='ocrx_word' id='word_1_308' title='bbox 1015 1410 1115 1442; x_wconf 85' lang='lat' dir='ltr'>super</span> <span class='ocrx_word' id='word_1_309' title='bbox 1131 1397 1254 1439; x_wconf 81' lang='lat' dir='ltr'>Jephte</span> <span class='ocrx_word' id='word_1_310' title='bbox 1270 1394 1418 1437; x_wconf 83' lang='lat' dir='ltr'>Spiritus</span> 
     </span>
     <span class='ocr_line' id='line_1_31' title="bbox 66 1438 1421 1498; baseline -0.02 -3"><span class='ocrx_word' id='word_1_311' title='bbox 66 1460 214 1498; x_wconf 70' lang='lat' dir='ltr'>oinini.¹⁵</span> <span class='ocrx_word' id='word_1_312' title='bbox 236 1464 269 1492; x_wconf 82' lang='lat' dir='ltr'>et</span> <span class='ocrx_word' id='word_1_313' title='bbox 293 1457 460 1491; x_wconf 79' lang='lat' dir='ltr'>circuiens</span> <span class='ocrx_word' id='word_1_314' title='bbox 485 1453 626 1491; x_wconf 76' lang='lat' dir='ltr'>Gal-aad,</span> <span class='ocrx_word' id='word_1_315' title='bbox 652 1457 684 1483; x_wconf 85' lang='lat' dir='ltr'>et</span> <span class='ocrx_word' id='word_1_316' title='bbox 709 1450 874 1485; x_wconf 77' lang='lat' dir='ltr'>Manasse,</span> <span class='ocrx_word' id='word_1_317' title='bbox 899 1445 1044 1487; x_wconf 83' lang='lat' dir='ltr'>Maspha</span> <span class='ocrx_word' id='word_1_318' title='bbox 1069 1452 1205 1485; x_wconf 88' lang='lat' dir='ltr'>quoque</span> <span class='ocrx_word' id='word_1_319' title='bbox 1222 1438 1363 1476; x_wconf 82' lang='lat' dir='ltr'>Galaad,</span> <span class='ocrx_word' id='word_1_320' title='bbox 1389 1440 1421 1469; x_wconf 84' lang='lat' dir='ltr'>et</span> 
     </span>
     <span class='ocr_line' id='line_1_32' title="bbox 33 1480 1421 1539; baseline -0.021 1"><span class='ocrx_word' id='word_1_321' title='bbox 33 1506 114 1539; x_wconf 84' lang='lat' dir='ltr'>inde</span> <span class='ocrx_word' id='word_1_322' title='bbox 130 1504 299 1538; x_wconf 86' lang='lat' dir='ltr'>transiens</span> <span class='ocrx_word' id='word_1_323' title='bbox 324 1502 367 1534; x_wconf 86' lang='lat' dir='ltr'>ad</span> <span class='ocrx_word' id='word_1_324' title='bbox 392 1500 480 1532; x_wconf 86' lang='lat' dir='ltr'>filios</span> <span class='ocrx_word' id='word_1_325' title='bbox 506 1498 668 1531; x_wconf 84' lang='lat' dir='ltr'>Ammon,</span> <span class='ocrx_word' id='word_1_326' title='bbox 714 1495 764 1525; x_wconf 78' lang='lat'>30.</span> <span class='ocrx_word' id='word_1_327' title='bbox 789 1495 908 1524; x_wconf 80' lang='lat' dir='ltr'>votum</span> <span class='ocrx_word' id='word_1_328' title='bbox 934 1489 1030 1521; x_wconf 86' lang='lat' dir='ltr'>vovit</span> <span class='ocrx_word' id='word_1_329' title='bbox 1047 1485 1206 1522; x_wconf 87' lang='lat' dir='ltr'>Domino,</span> <span class='ocrx_word' id='word_1_330' title='bbox 1231 1483 1360 1515; x_wconf 81' lang='lat' dir='ltr'>dicens:</span> <span class='ocrx_word' id='word_1_331' title='bbox 1384 1480 1421 1512; x_wconf 77' lang='lat' dir='ltr'>Si</span> 
     </span>
     <span class='ocr_line' id='line_1_33' title="bbox 33 1524 1421 1583; baseline -0.02 0"><span class='ocrx_word' id='word_1_332' title='bbox 33 1549 216 1583; x_wconf 84' lang='lat' dir='ltr'>tradideris</span> <span class='ocrx_word' id='word_1_333' title='bbox 232 1547 320 1579; x_wconf 87' lang='lat' dir='ltr'>filios</span> <span class='ocrx_word' id='word_1_334' title='bbox 337 1546 488 1577; x_wconf 80' lang='lat' dir='ltr'>Ammon</span> <span class='ocrx_word' id='word_1_335' title='bbox 516 1542 552 1573; x_wconf 89' lang='lat' dir='ltr'>in</span> <span class='ocrx_word' id='word_1_336' title='bbox 580 1549 705 1571; x_wconf 87' lang='lat' dir='ltr'>manus</span> <span class='ocrx_word' id='word_1_337' title='bbox 722 1547 822 1573; x_wconf 84' lang='lat' dir='ltr'>meas,</span> <span class='ocrx_word' id='word_1_338' title='bbox 868 1535 918 1565; x_wconf 71' lang='lat'>31.</span> <span class='ocrx_word' id='word_1_339' title='bbox 943 1532 1154 1575; x_wconf 83' lang='lat' dir='ltr'>quicumque</span> <span class='ocrx_word' id='word_1_340' title='bbox 1171 1528 1303 1570; x_wconf 84' lang='lat' dir='ltr'>primus</span> <span class='ocrx_word' id='word_1_341' title='bbox 1319 1524 1421 1557; x_wconf 83' lang='lat' dir='ltr'>fuerit</span> 
     </span>
     <span class='ocr_line' id='line_1_34' title="bbox 35 1571 1420 1636; baseline -0.02 -9"><span class='ocrx_word' id='word_1_342' title='bbox 35 1603 187 1636; x_wconf 77' lang='lat' dir='ltr'>egressus</span> <span class='ocrx_word' id='word_1_343' title='bbox 203 1591 244 1623; x_wconf 83' lang='lat' dir='ltr'>de</span> <span class='ocrx_word' id='word_1_344' title='bbox 261 1590 389 1622; x_wconf 83' lang='lat' dir='ltr'>foribus</span> <span class='ocrx_word' id='word_1_345' title='bbox 406 1587 528 1619; x_wconf 86' lang='lat' dir='ltr'>domus</span> <span class='ocrx_word' id='word_1_346' title='bbox 544 1594 649 1620; x_wconf 83' lang='lat' dir='ltr'>meae,</span> <span class='ocrx_word' id='word_1_347' title='bbox 672 1581 827 1622; x_wconf 87' lang='lat' dir='ltr'>mihique</span> <span class='ocrx_word' id='word_1_348' title='bbox 844 1576 1027 1610; x_wconf 84' lang='lat' dir='ltr'>occurrerit</span> <span class='ocrx_word' id='word_1_349' title='bbox 1044 1571 1225 1606; x_wconf 71' lang='lat' dir='ltr'>revertenti</span> <span class='ocrx_word' id='word_1_350' title='bbox 1243 1580 1320 1602; x_wconf 85' lang='grc'><strong>011111</strong></span> <span class='ocrx_word' id='word_1_351' title='bbox 1339 1578 1420 1610; x_wconf 84' lang='lat' dir='ltr'>paee</span> 
     </span>
     <span class='ocr_line' id='line_1_35' title="bbox 36 1613 1423 1672; baseline -0.021 -1"><span class='ocrx_word' id='word_1_352' title='bbox 36 1649 57 1670; x_wconf 81' lang='lat' dir='ltr'>a</span> <span class='ocrx_word' id='word_1_353' title='bbox 73 1637 153 1671; x_wconf 89' lang='lat' dir='ltr'>filiis</span> <span class='ocrx_word' id='word_1_354' title='bbox 170 1637 333 1672; x_wconf 86' lang='lat' dir='ltr'>Ammon,</span> <span class='ocrx_word' id='word_1_355' title='bbox 358 1642 436 1664; x_wconf 85' lang='lat' dir='ltr'>eum</span> <span class='ocrx_word' id='word_1_356' title='bbox 460 1628 697 1661; x_wconf 76' lang='lat' dir='ltr'>holocaustum</span> <span class='ocrx_word' id='word_1_357' title='bbox 715 1625 855 1655; x_wconf 71' lang='lat' dir='ltr'>offeram</span> <span class='ocrx_word' id='word_1_358' title='bbox 874 1618 1060 1653; x_wconf 70' lang='grc' dir='ltr'>1)(11111110.Π</span> <span class='ocrx_word' id='word_1_359' title='bbox 1106 1617 1156 1648; x_wconf 79' lang='lat'>32.</span> <span class='ocrx_word' id='word_1_360' title='bbox 1180 1613 1423 1653; x_wconf 79' lang='lat' dir='ltr'>Transivitque</span> 
     </span>
     <span class='ocr_line' id='line_1_36' title="bbox 36 1655 1423 1724; baseline -0.02 -10"><span class='ocrx_word' id='word_1_361' title='bbox 36 1680 160 1724; x_wconf 76' lang='lat' dir='ltr'>Jephte</span> <span class='ocrx_word' id='word_1_362' title='bbox 177 1679 220 1711; x_wconf 86' lang='lat' dir='ltr'>ad</span> <span class='ocrx_word' id='word_1_363' title='bbox 237 1677 325 1710; x_wconf 84' lang='lat' dir='ltr'>filios</span> <span class='ocrx_word' id='word_1_364' title='bbox 341 1677 504 1711; x_wconf 86' lang='lat' dir='ltr'>Ammon,</span> <span class='ocrx_word' id='word_1_365' title='bbox 526 1676 563 1704; x_wconf 88' lang='lat' dir='ltr'>ut</span> <span class='ocrx_word' id='word_1_366' title='bbox 580 1671 749 1713; x_wconf 76' lang='lat' dir='ltr'>pugnaret</span> <span class='ocrx_word' id='word_1_367' title='bbox 765 1669 882 1699; x_wconf 82' lang='lat' dir='ltr'>eontra</span> <span class='ocrx_word' id='word_1_368' title='bbox 899 1675 966 1696; x_wconf 88' lang='lat' dir='ltr'>eos:</span> <span class='ocrx_word' id='word_1_369' title='bbox 992 1672 1076 1705; x_wconf 89' lang='lat' dir='ltr'>quos</span> <span class='ocrx_word' id='word_1_370' title='bbox 1093 1659 1236 1692; x_wconf 82' lang='lat' dir='ltr'>tradidit</span> <span class='ocrx_word' id='word_1_371' title='bbox 1253 1655 1423 1689; x_wconf 87' lang='lat' dir='ltr'>Dominus</span> 
     </span>
     <span class='ocr_line' id='line_1_37' title="bbox 38 1698 1424 1763; baseline -0.02 -6"><span class='ocrx_word' id='word_1_372' title='bbox 38 1726 75 1757; x_wconf 85' lang='lat' dir='ltr'>in</span> <span class='ocrx_word' id='word_1_373' title='bbox 108 1733 232 1756; x_wconf 85' lang='lat' dir='ltr'>manus</span> <span class='ocrx_word' id='word_1_374' title='bbox 263 1721 342 1763; x_wconf 82' lang='lat' dir='ltr'>ejus.</span> <span class='ocrx_word' id='word_1_375' title='bbox 388 1719 438 1751; x_wconf 83' lang='lat'>33.</span> <span class='ocrx_word' id='word_1_376' title='bbox 478 1715 714 1755; x_wconf 84' lang='lat' dir='ltr'>Percussitque</span> <span class='ocrx_word' id='word_1_377' title='bbox 753 1711 795 1743; x_wconf 82' lang='lat' dir='ltr'>ab</span> <span class='ocrx_word' id='word_1_378' title='bbox 835 1710 941 1741; x_wconf 81' lang='lat' dir='ltr'>Aroer</span> <span class='ocrx_word' id='word_1_379' title='bbox 979 1716 1086 1748; x_wconf 88' lang='lat' dir='ltr'>usque</span> <span class='ocrx_word' id='word_1_380' title='bbox 1123 1704 1206 1735; x_wconf 86' lang='lat' dir='ltr'>dum</span> <span class='ocrx_word' id='word_1_381' title='bbox 1239 1700 1357 1733; x_wconf 78' lang='lat' dir='ltr'>venias</span> <span class='ocrx_word' id='word_1_382' title='bbox 1387 1698 1424 1730; x_wconf 87' lang='lat' dir='ltr'>in</span> 
     </span>
     <span class='ocr_line' id='line_1_38' title="bbox 38 1743 1427 1806; baseline -0.02 -5"><span class='ocrx_word' id='word_1_383' title='bbox 38 1766 211 1805; x_wconf 64' lang='lat' dir='ltr'>Mennim,</span> <span class='ocrx_word' id='word_1_384' title='bbox 242 1763 368 1806; x_wconf 83' lang='lat' dir='ltr'>viginti</span> <span class='ocrx_word' id='word_1_385' title='bbox 394 1761 558 1797; x_wconf 78' lang='lat' dir='ltr'>civitates,</span> <span class='ocrx_word' id='word_1_386' title='bbox 584 1762 615 1790; x_wconf 84' lang='lat' dir='ltr'>et</span> <span class='ocrx_word' id='word_1_387' title='bbox 640 1766 748 1799; x_wconf 86' lang='lat' dir='ltr'>usque</span> <span class='ocrx_word' id='word_1_388' title='bbox 773 1753 817 1787; x_wconf 83' lang='lat' dir='ltr'>ad</span> <span class='ocrx_word' id='word_1_389' title='bbox 843 1752 940 1788; x_wconf 82' lang='lat' dir='ltr'>Abel,</span> <span class='ocrx_word' id='word_1_390' title='bbox 965 1760 1054 1792; x_wconf 84' lang='lat' dir='ltr'>quae</span> <span class='ocrx_word' id='word_1_391' title='bbox 1079 1752 1126 1780; x_wconf 85' lang='lat' dir='ltr'>est</span> <span class='ocrx_word' id='word_1_392' title='bbox 1152 1745 1262 1778; x_wconf 79' lang='lat' dir='ltr'>vineis</span> <span class='ocrx_word' id='word_1_393' title='bbox 1287 1743 1427 1778; x_wconf 75' lang='lat' dir='ltr'>consita,</span> 
     </span>
     <span class='ocr_line' id='line_1_39' title="bbox 41 1784 1428 1855; baseline -0.021 -10"><span class='ocrx_word' id='word_1_394' title='bbox 41 1812 143 1855; x_wconf 80' lang='lat' dir='ltr'>plaga</span> <span class='ocrx_word' id='word_1_395' title='bbox 170 1819 297 1851; x_wconf 82' lang='lat' dir='ltr'>magna</span> <span class='ocrx_word' id='word_1_396' title='bbox 324 1806 443 1842; x_wconf 84' lang='lat' dir='ltr'>nimis;</span> <span class='ocrx_word' id='word_1_397' title='bbox 476 1802 723 1842; x_wconf 82' lang='lat' dir='ltr'>humiliatique</span> <span class='ocrx_word' id='word_1_398' title='bbox 750 1801 831 1830; x_wconf 84' lang='lat' dir='ltr'>sunt</span> <span class='ocrx_word' id='word_1_399' title='bbox 858 1796 920 1828; x_wconf 83' lang='lat' dir='ltr'>filii</span> <span class='ocrx_word' id='word_1_400' title='bbox 950 1795 1101 1826; x_wconf 83' lang='lat' dir='ltr'>Ammon</span> <span class='ocrx_word' id='word_1_401' title='bbox 1127 1802 1147 1823; x_wconf 88' lang='lat' dir='ltr'>a</span> <span class='ocrx_word' id='word_1_402' title='bbox 1179 1789 1259 1822; x_wconf 88' lang='lat' dir='ltr'>filiis</span> <span class='ocrx_word' id='word_1_403' title='bbox 1285 1784 1428 1820; x_wconf 72' lang='lat' dir='ltr'>Israel.¹⁸</span> 
     </span>
    </p>
   </div>
   <div class='ocr_carea' id='block_1_3' title="bbox 41 1828 1425 1889">
    <p class='ocr_par' dir='ltr' id='par_1_3' title="bbox 41 1828 1425 1889">
     <span class='ocr_line' id='line_1_40' title="bbox 41 1828 1425 1889; baseline -0.02 -1"><span class='ocrx_word' id='word_1_404' title='bbox 41 1856 93 1888; x_wconf 81' lang='lat'>34.</span> <span class='ocrx_word' id='word_1_405' title='bbox 129 1854 332 1886; x_wconf 82' lang='lat' dir='ltr'>Revertente</span> <span class='ocrx_word' id='word_1_406' title='bbox 363 1853 478 1882; x_wconf 85' lang='lat' dir='ltr'>autem</span> <span class='ocrx_word' id='word_1_407' title='bbox 510 1846 633 1889; x_wconf 60' lang='grc' dir='ltr'>ε10111110</span> <span class='ocrx_word' id='word_1_408' title='bbox 664 1845 700 1876; x_wconf 90' lang='lat' dir='ltr'>in</span> <span class='ocrx_word' id='word_1_409' title='bbox 733 1841 878 1883; x_wconf 81' lang='lat' dir='ltr'>Maspha</span> <span class='ocrx_word' id='word_1_410' title='bbox 909 1839 1051 1870; x_wconf 87' lang='lat' dir='ltr'>domum</span> <span class='ocrx_word' id='word_1_411' title='bbox 1083 1845 1191 1871; x_wconf 78' lang='lat' dir='ltr'>suam,</span> <span class='ocrx_word' id='word_1_412' title='bbox 1222 1831 1369 1864; x_wconf 78' lang='lat' dir='ltr'>occurrit</span> <span class='ocrx_word' id='word_1_413' title='bbox 1395 1828 1425 1860; x_wconf 86' lang='lat' dir='ltr'>ei</span> 
     </span>
    </p>
   </div>
   <div class='ocr_carea' id='block_1_4' title="bbox 0 1872 1439 2327">
    <p class='ocr_par' dir='ltr' id='par_1_4' title="bbox 0 1872 1439 2327">
     <span class='ocr_line' id='line_1_41' title="bbox 42 1872 1430 1941; baseline -0.021 -9"><span class='ocrx_word' id='word_1_414' title='bbox 42 1897 223 1941; x_wconf 84' lang='lat' dir='ltr'>unigenita</span> <span class='ocrx_word' id='word_1_415' title='bbox 250 1895 323 1928; x_wconf 79' lang='lat' dir='ltr'>filia</span> <span class='ocrx_word' id='word_1_416' title='bbox 349 1892 439 1925; x_wconf 79' lang='lat' dir='ltr'>sua¹⁹</span> <span class='ocrx_word' id='word_1_417' title='bbox 462 1902 539 1923; x_wconf 88' lang='lat' dir='ltr'>cum</span> <span class='ocrx_word' id='word_1_418' title='bbox 568 1886 743 1931; x_wconf 71' lang='lat' dir='ltr'>tympanis</span> <span class='ocrx_word' id='word_1_419' title='bbox 770 1889 802 1917; x_wconf 87' lang='lat' dir='ltr'>et</span> <span class='ocrx_word' id='word_1_420' title='bbox 827 1883 952 1915; x_wconf 84' lang='lat' dir='ltr'>choris:</span> <span class='ocrx_word' id='word_1_421' title='bbox 976 1891 1045 1913; x_wconf 90' lang='lat' dir='ltr'>non</span> <span class='ocrx_word' id='word_1_422' title='bbox 1073 1879 1165 1911; x_wconf 87' lang='lat' dir='ltr'>enim</span> <span class='ocrx_word' id='word_1_423' title='bbox 1183 1875 1330 1908; x_wconf 82' lang='lat' dir='ltr'>habebat</span> <span class='ocrx_word' id='word_1_424' title='bbox 1346 1872 1430 1905; x_wconf 85' lang='lat' dir='ltr'>alios</span> 
     </span>
     <span class='ocr_line' id='line_1_42' title="bbox 43 1918 1431 1977; baseline -0.021 -1"><span class='ocrx_word' id='word_1_425' title='bbox 43 1942 176 1975; x_wconf 85' lang='lat' dir='ltr'>liberos.</span> <span class='ocrx_word' id='word_1_426' title='bbox 222 1940 273 1972; x_wconf 87' lang='grc'>35.</span> <span class='ocrx_word' id='word_1_427' title='bbox 296 1938 373 1977; x_wconf 79' lang='lat' dir='ltr'>Qua</span> <span class='ocrx_word' id='word_1_428' title='bbox 398 1936 480 1973; x_wconf 81' lang='lat' dir='ltr'>visa,</span> <span class='ocrx_word' id='word_1_429' title='bbox 505 1933 606 1966; x_wconf 87' lang='lat' dir='ltr'>scidit</span> <span class='ocrx_word' id='word_1_430' title='bbox 631 1931 834 1964; x_wconf 80' lang='lat' dir='ltr'>vestimenta</span> <span class='ocrx_word' id='word_1_431' title='bbox 859 1938 930 1964; x_wconf 82' lang='lat' dir='ltr'>sua,</span> <span class='ocrx_word' id='word_1_432' title='bbox 955 1929 988 1957; x_wconf 85' lang='lat' dir='ltr'>et</span> <span class='ocrx_word' id='word_1_433' title='bbox 1012 1924 1073 1956; x_wconf 88' lang='lat' dir='ltr'>ait:</span> <span class='ocrx_word' id='word_1_434' title='bbox 1100 1922 1178 1954; x_wconf 85' lang='lat' dir='ltr'>Heu</span> <span class='ocrx_word' id='word_1_435' title='bbox 1196 1930 1250 1952; x_wconf 89' lang='grc'><strong>1110</strong></span> <span class='ocrx_word' id='word_1_436' title='bbox 1266 1918 1337 1951; x_wconf 76' lang='lat' dir='ltr'>filia</span> <span class='ocrx_word' id='word_1_437' title='bbox 1355 1926 1431 1948; x_wconf 77' lang='lat' dir='ltr'>mea</span> 
     </span>
     <span class='ocr_line' id='line_1_43' title="bbox 45 1961 1432 2027; baseline -0.021 -8"><span class='ocrx_word' id='word_1_438' title='bbox 45 1984 206 2027; x_wconf 85' lang='lat' dir='ltr'>decepisti</span> <span class='ocrx_word' id='word_1_439' title='bbox 224 1993 288 2021; x_wconf 78' lang='lat' dir='ltr'>me,</span> <span class='ocrx_word' id='word_1_440' title='bbox 315 1985 347 2013; x_wconf 89' lang='lat' dir='ltr'>et</span> <span class='ocrx_word' id='word_1_441' title='bbox 372 1981 445 2023; x_wconf 85' lang='lat' dir='ltr'>ipsa</span> <span class='ocrx_word' id='word_1_442' title='bbox 473 1979 610 2019; x_wconf 81' lang='lat' dir='ltr'>decepta</span> <span class='ocrx_word' id='word_1_443' title='bbox 639 1974 715 2007; x_wconf 77' lang='lat' dir='ltr'>es:²⁰</span> <span class='ocrx_word' id='word_1_444' title='bbox 739 1971 856 2015; x_wconf 81' lang='lat' dir='ltr'>aperui</span> <span class='ocrx_word' id='word_1_445' title='bbox 874 1970 967 2002; x_wconf 84' lang='lat' dir='ltr'>enim</span> <span class='ocrx_word' id='word_1_446' title='bbox 985 1978 1020 2000; x_wconf 91' lang='lat' dir='ltr'>os</span> <span class='ocrx_word' id='word_1_447' title='bbox 1035 1976 1151 1998; x_wconf 85' lang='lat' dir='ltr'>meum</span> <span class='ocrx_word' id='word_1_448' title='bbox 1170 1964 1213 1996; x_wconf 84' lang='lat' dir='ltr'>ad</span> <span class='ocrx_word' id='word_1_449' title='bbox 1231 1961 1432 1997; x_wconf 84' lang='lat' dir='ltr'>Dominum,</span> 
     </span>
     <span class='ocr_line' id='line_1_44' title="bbox 46 2005 1434 2065; baseline -0.02 -3"><span class='ocrx_word' id='word_1_450' title='bbox 46 2032 80 2062; x_wconf 85' lang='lat' dir='ltr'>et</span> <span class='ocrx_word' id='word_1_451' title='bbox 95 2028 190 2061; x_wconf 86' lang='lat' dir='ltr'>aliud</span> <span class='ocrx_word' id='word_1_452' title='bbox 207 2027 314 2059; x_wconf 74' lang='lat' dir='ltr'>facere</span> <span class='ocrx_word' id='word_1_453' title='bbox 331 2035 400 2057; x_wconf 90' lang='lat' dir='ltr'>non</span> <span class='ocrx_word' id='word_1_454' title='bbox 428 2020 580 2065; x_wconf 83' lang='lat' dir='ltr'>potcr0.²¹</span> <span class='ocrx_word' id='word_1_455' title='bbox 627 2020 676 2050; x_wconf 81' lang='lat'>36.</span> <span class='ocrx_word' id='word_1_456' title='bbox 701 2017 763 2049; x_wconf 90' lang='lat' dir='ltr'>Cui</span> <span class='ocrx_word' id='word_1_457' title='bbox 790 2015 851 2047; x_wconf 84' lang='lat' dir='ltr'>illa</span> <span class='ocrx_word' id='word_1_458' title='bbox 879 2011 1066 2055; x_wconf 80' lang='lat' dir='ltr'>respondit:</span> <span class='ocrx_word' id='word_1_459' title='bbox 1092 2010 1191 2042; x_wconf 81' lang='lat' dir='ltr'>Pater</span> <span class='ocrx_word' id='word_1_460' title='bbox 1217 2006 1276 2044; x_wconf 85' lang='lat' dir='ltr'>mi,</span> <span class='ocrx_word' id='word_1_461' title='bbox 1303 2005 1330 2036; x_wconf 88' lang='lat' dir='ltr'>si</span> <span class='ocrx_word' id='word_1_462' title='bbox 1359 2013 1434 2045; x_wconf 83' lang='lat' dir='ltr'>ape—</span> 
     </span>
     <span class='ocr_line' id='line_1_45' title="bbox 47 2040 1435 2105; baseline -0.021 1"><span class='ocrx_word' id='word_1_463' title='bbox 47 2072 146 2105; x_wconf 88' lang='lat' dir='ltr'>ruisti</span> <span class='ocrx_word' id='word_1_464' title='bbox 177 2082 213 2103; x_wconf 90' lang='lat' dir='ltr'>os</span> <span class='ocrx_word' id='word_1_465' title='bbox 244 2074 343 2102; x_wconf 86' lang='lat' dir='ltr'>tuum</span> <span class='ocrx_word' id='word_1_466' title='bbox 375 2067 419 2099; x_wconf 77' lang='lat' dir='ltr'>ad</span> <span class='ocrx_word' id='word_1_467' title='bbox 452 2065 653 2100; x_wconf 85' lang='lat' dir='ltr'>Dominum,</span> <span class='ocrx_word' id='word_1_468' title='bbox 683 2061 735 2093; x_wconf 83' lang='lat' dir='ltr'>fac</span> <span class='ocrx_word' id='word_1_469' title='bbox 767 2058 854 2091; x_wconf 87' lang='lat' dir='ltr'>mihi</span> <span class='ocrx_word' id='word_1_470' title='bbox 886 2056 1128 2099; x_wconf 79' lang='lat' dir='ltr'>quodcumque</span> <span class='ocrx_word' id='word_1_471' title='bbox 1160 2050 1333 2094; x_wconf 82' lang='lat' dir='ltr'>pollicitus</span> <span class='ocrx_word' id='word_1_472' title='bbox 1364 2040 1435 2085; x_wconf 72' lang='lat' dir='ltr'>es‚²²</span> 
     </span>
     <span class='ocr_line' id='line_1_46' title="bbox 0 2089 1437 2151; baseline -0.02 -1"><span class='ocrx_word' id='word_1_473' title='bbox 0 2139 2 2144; x_wconf 90' lang='lat'>·</span> <span class='ocrx_word' id='word_1_474' title='bbox 48 2126 205 2149; x_wconf 83' lang='lat' dir='ltr'>concessa</span> <span class='ocrx_word' id='word_1_475' title='bbox 220 2113 283 2146; x_wconf 90' lang='lat' dir='ltr'>tibi</span> <span class='ocrx_word' id='word_1_476' title='bbox 300 2111 432 2144; x_wconf 86' lang='lat' dir='ltr'>ultione</span> <span class='ocrx_word' id='word_1_477' title='bbox 458 2113 561 2151; x_wconf 84' lang='lat' dir='ltr'>atque</span> <span class='ocrx_word' id='word_1_478' title='bbox 590 2105 732 2138; x_wconf 77' lang='lat' dir='ltr'>victoria</span> <span class='ocrx_word' id='word_1_479' title='bbox 760 2103 801 2135; x_wconf 87' lang='lat' dir='ltr'>de</span> <span class='ocrx_word' id='word_1_480' title='bbox 828 2100 982 2133; x_wconf 84' lang='lat' dir='ltr'>hostibus</span> <span class='ocrx_word' id='word_1_481' title='bbox 1009 2098 1087 2130; x_wconf 84' lang='lat' dir='ltr'>tuis.</span> <span class='ocrx_word' id='word_1_482' title='bbox 1133 2097 1184 2128; x_wconf 74' lang='lat'>37.</span> <span class='ocrx_word' id='word_1_483' title='bbox 1209 2093 1376 2133; x_wconf 78' lang='lat' dir='ltr'>Dixitque</span> <span class='ocrx_word' id='word_1_484' title='bbox 1392 2089 1437 2122; x_wconf 76' lang='lat' dir='ltr'>ad</span> 
     </span>
     <span class='ocr_line' id='line_1_47' title="bbox 0 2134 1437 2204; baseline -0.021 -10"><span class='ocrx_word' id='word_1_485' title='bbox 0 2168 3 2176; x_wconf 83' lang='lat'><em>&#39;</em></span> <span class='ocrx_word' id='word_1_486' title='bbox 49 2163 196 2204; x_wconf 83' lang='lat' dir='ltr'>patrem:</span> <span class='ocrx_word' id='word_1_487' title='bbox 221 2157 297 2189; x_wconf 86' lang='lat' dir='ltr'>Hoc</span> <span class='ocrx_word' id='word_1_488' title='bbox 321 2155 433 2187; x_wconf 86' lang='lat' dir='ltr'>solum</span> <span class='ocrx_word' id='word_1_489' title='bbox 453 2152 541 2184; x_wconf 84' lang='lat' dir='ltr'>mihi</span> <span class='ocrx_word' id='word_1_490' title='bbox 559 2153 693 2193; x_wconf 82' lang='lat' dir='ltr'>praesta</span> <span class='ocrx_word' id='word_1_491' title='bbox 709 2146 800 2190; x_wconf 84' lang='lat' dir='ltr'>quod</span> <span class='ocrx_word' id='word_1_492' title='bbox 818 2146 990 2187; x_wconf 83' lang='lat' dir='ltr'>deprecor:</span> <span class='ocrx_word' id='word_1_493' title='bbox 1018 2141 1161 2173; x_wconf 85' lang='lat' dir='ltr'>Dimitte</span> <span class='ocrx_word' id='word_1_494' title='bbox 1178 2148 1232 2169; x_wconf 85' lang='lat' dir='ltr'>me</span> <span class='ocrx_word' id='word_1_495' title='bbox 1249 2140 1295 2174; x_wconf 73' lang='lat' dir='ltr'>ut,</span> <span class='ocrx_word' id='word_1_496' title='bbox 1303 2134 1437 2166; x_wconf 90' lang='lat' dir='ltr'>duobus</span> 
     </span>
     <span class='ocr_line' id='line_1_48' title="bbox 51 2185 1438 2236; baseline -0.02 0"><span class='ocrx_word' id='word_1_497' title='bbox 51 2202 228 2236; x_wconf 84' lang='lat' dir='ltr'>mensibus</span> <span class='ocrx_word' id='word_1_498' title='bbox 255 2200 461 2232; x_wconf 77' lang='lat' dir='ltr'>circumeam</span> <span class='ocrx_word' id='word_1_499' title='bbox 490 2192 660 2232; x_wconf 53' lang='lat' dir='ltr'>montes23</span> <span class='ocrx_word' id='word_1_500' title='bbox 694 2195 724 2223; x_wconf 86' lang='lat' dir='ltr'>et</span> <span class='ocrx_word' id='word_1_501' title='bbox 756 2190 921 2233; x_wconf 77' lang='lat' dir='ltr'>plangam</span> <span class='ocrx_word' id='word_1_502' title='bbox 953 2185 1190 2226; x_wconf 77' lang='lat' dir='ltr'>virginitatem</span> <span class='ocrx_word' id='word_1_503' title='bbox 1218 2190 1330 2212; x_wconf 84' lang='lat' dir='ltr'>meam</span> <span class='ocrx_word' id='word_1_504' title='bbox 1358 2187 1438 2209; x_wconf 88' lang='lat' dir='ltr'>cum</span> 
     </span>
     <span class='ocr_line' id='line_1_49' title="bbox 51 2220 1439 2280; baseline -0.021 0"><span class='ocrx_word' id='word_1_505' title='bbox 51 2245 226 2280; x_wconf 82' lang='lat' dir='ltr'>sodalibus</span> <span class='ocrx_word' id='word_1_506' title='bbox 243 2244 335 2276; x_wconf 84' lang='lat' dir='ltr'>meis.</span> <span class='ocrx_word' id='word_1_507' title='bbox 382 2242 431 2273; x_wconf 81' lang='lat'>38.</span> <span class='ocrx_word' id='word_1_508' title='bbox 456 2239 519 2271; x_wconf 84' lang='lat' dir='ltr'>Cui</span> <span class='ocrx_word' id='word_1_509' title='bbox 545 2238 603 2270; x_wconf 85' lang='lat' dir='ltr'>ille</span> <span class='ocrx_word' id='word_1_510' title='bbox 631 2233 819 2277; x_wconf 84' lang='lat' dir='ltr'>respondit:</span> <span class='ocrx_word' id='word_1_511' title='bbox 845 2231 951 2264; x_wconf 82' lang='lat' dir='ltr'>Vade.</span> <span class='ocrx_word' id='word_1_512' title='bbox 997 2229 1041 2261; x_wconf 88' lang='lat' dir='ltr'>Et</span> <span class='ocrx_word' id='word_1_513' title='bbox 1065 2225 1198 2259; x_wconf 85' lang='lat' dir='ltr'>dimisit</span> <span class='ocrx_word' id='word_1_514' title='bbox 1213 2234 1288 2256; x_wconf 85' lang='lat' dir='ltr'>eam</span> <span class='ocrx_word' id='word_1_515' title='bbox 1306 2220 1439 2254; x_wconf 81' lang='lat' dir='ltr'>duobus</span> 
     </span>
     <span class='ocr_line' id='line_1_50' title="bbox 53 2263 1439 2327; baseline -0.021 -4"><span class='ocrx_word' id='word_1_516' title='bbox 53 2288 238 2323; x_wconf 82' lang='lat' dir='ltr'>mensibus.</span> <span class='ocrx_word' id='word_1_517' title='bbox 283 2286 440 2327; x_wconf 87' lang='lat' dir='ltr'>Cumque</span> <span class='ocrx_word' id='word_1_518' title='bbox 456 2282 593 2315; x_wconf 81' lang='lat' dir='ltr'>abiisset</span> <span class='ocrx_word' id='word_1_519' title='bbox 610 2290 688 2312; x_wconf 85' lang='lat' dir='ltr'>cum</span> <span class='ocrx_word' id='word_1_520' title='bbox 705 2277 803 2309; x_wconf 82' lang='lat' dir='ltr'>sociis</span> <span class='ocrx_word' id='word_1_521' title='bbox 820 2286 857 2308; x_wconf 83' lang='lat' dir='ltr'>ae</span> <span class='ocrx_word' id='word_1_522' title='bbox 873 2273 1048 2307; x_wconf 85' lang='lat' dir='ltr'>sodalibus</span> <span class='ocrx_word' id='word_1_523' title='bbox 1064 2270 1143 2308; x_wconf 84' lang='lat' dir='ltr'>suis,</span> <span class='ocrx_word' id='word_1_524' title='bbox 1170 2267 1272 2300; x_wconf 82' lang='lat' dir='ltr'>flebat</span> <span class='ocrx_word' id='word_1_525' title='bbox 1295 2263 1439 2307; x_wconf 81' lang='lat' dir='ltr'>virgini-</span> 
     </span>
    </p>
   </div>
   <div class='ocr_carea' id='block_1_5' title="bbox 55 2311 1440 2367">
    <p class='ocr_par' dir='ltr' id='par_1_5' title="bbox 55 2311 1440 2367">
     <span class='ocr_line' id='line_1_51' title="bbox 55 2311 1440 2367; baseline -0.022 1"><span class='ocrx_word' id='word_1_526' title='bbox 55 2337 160 2367; x_wconf 78' lang='lat' dir='ltr'>tatem</span> <span class='ocrx_word' id='word_1_527' title='bbox 187 2341 286 2365; x_wconf 83' lang='lat' dir='ltr'>suam</span> <span class='ocrx_word' id='word_1_528' title='bbox 313 2330 350 2364; x_wconf 85' lang='lat' dir='ltr'>in</span> <span class='ocrx_word' id='word_1_529' title='bbox 377 2326 561 2362; x_wconf 79' lang='lat' dir='ltr'>montibus.</span> <span class='ocrx_word' id='word_1_530' title='bbox 607 2324 657 2356; x_wconf 80' lang='lat'>39.</span> <span class='ocrx_word' id='word_1_531' title='bbox 681 2320 906 2364; x_wconf 81' lang='lat' dir='ltr'>Expletisque</span> <span class='ocrx_word' id='word_1_532' title='bbox 933 2316 1066 2350; x_wconf 88' lang='lat' dir='ltr'>duobus</span> <span class='ocrx_word' id='word_1_533' title='bbox 1094 2311 1278 2349; x_wconf 86' lang='lat' dir='ltr'>mensibus,</span> <span class='ocrx_word' id='word_1_534' title='bbox 1306 2316 1440 2341; x_wconf 76' lang='lat' dir='ltr'>reversa</span> 
     </span>
    </p>
   </div>
   <div class='ocr_carea' id='block_1_6' title="bbox 0 641 25 1395">
    <p class='ocr_par' dir='ltr' id='par_1_6' title="bbox 0 641 25 1395">
     <span class='ocr_line' id='line_1_52' title="bbox 0 641 6 731; baseline 0 0"><span class='ocrx_word' id='word_1_535' title='bbox 0 641 6 731; x_wconf 95' lang='lat' dir='ltr'>  </span> 
     </span>
     <span class='ocr_line' id='line_1_53' title="bbox 0 731 8 823; baseline 0 0"><span class='ocrx_word' id='word_1_536' title='bbox 0 731 8 823; x_wconf 95' lang='lat' dir='ltr'>  </span> 
     </span>
     <span class='ocr_line' id='line_1_54' title="bbox 0 823 8 908; baseline 0 0"><span class='ocrx_word' id='word_1_537' title='bbox 0 823 8 908; x_wconf 95' lang='lat' dir='ltr'>  </span> 
     </span>
     <span class='ocr_line' id='line_1_55' title="bbox 0 908 9 953; baseline 0 1587"><span class='ocrx_word' id='word_1_538' title='bbox 0 908 9 953; x_wconf 95' lang='lat' dir='ltr'> </span> 
     </span>
     <span class='ocr_line' id='line_1_56' title="bbox 0 953 10 1005; baseline 0 1535"><span class='ocrx_word' id='word_1_539' title='bbox 0 953 10 1005; x_wconf 95' lang='lat' dir='ltr'> </span> 
     </span>
     <span class='ocr_line' id='line_1_57' title="bbox 0 1005 11 1119; baseline 0 0"><span class='ocrx_word' id='word_1_540' title='bbox 0 1005 11 1119; x_wconf 95' lang='lat' dir='ltr'>  </span> 
     </span>
     <span class='ocr_line' id='line_1_58' title="bbox 0 1119 13 1207; baseline 0 0"><span class='ocrx_word' id='word_1_541' title='bbox 0 1119 13 1207; x_wconf 95' lang='lat' dir='ltr'>  </span> 
     </span>
     <span class='ocr_line' id='line_1_59' title="bbox 0 1207 13 1309; baseline 0 0"><span class='ocrx_word' id='word_1_542' title='bbox 0 1207 13 1309; x_wconf 95' lang='lat' dir='ltr'>  </span> 
     </span>
     <span class='ocr_line' id='line_1_60' title="bbox 0 1309 25 1395; baseline 0 0"><span class='ocrx_word' id='word_1_543' title='bbox 0 1309 25 1395; x_wconf 95' lang='lat' dir='ltr'>  </span> 
     </span>
    </p>
   </div>
  </div>
 </body>
</html>
