1504 2540
81 107 140 138 480

261 155 271 167 Ι

85 205 214 238 deletae
230 204 324 235 sunt:
349 203 382 232 et
409 201 447 231 ut
472 194 657 238 compleret
677 191 820 225 verbum
838 198 941 221 suum
970 184 1150 222 Dominus,
1201 179 1269 214 uod
1297 177 1360 212 sub
1381 188 1424 222 Γ»

89 253 203 282 mento
220 245 394 290 pollicitus
420 245 469 274 est
494 238 650 283 patribus
676 236 744 268 tuis
772 233 961 270 Abraham,
990 230 1093 267 Isaac,
1120 231 1153 259 et
1176 192 1198 258 ll
1398 237 1418 249 :2

88 303 167 334 ergo
195 289 286 334 quod
306 299 373 320 non
391 289 528 329 propter
541 281 694 325 justitias
721 284 797 311 tuas
821 276 991 309 Dominus
1019 273 1109 305 Deus
1125 268 1257 303 dederit
1272 265 1334 299 tibi
1351 269 1384 299 te
1412 271 1431 294 γ’

90 337 179 369 lianc
206 334 373 377 optimam
403 330 438 362 in
466 326 721 371 possessionem,
748 333 827 355 cum
855 318 1060 352 durissimae
1087 313 1228 347 cervicis
1254 311 1299 343 sis
1322 319 1389 353 pop
1412 322 1428 332 ν

90 383 118 413 Τ.
152 380 334 414 Memento,
365 378 397 406 et
429 384 471 405 ne
496 368 710 403 obliviscaris
735 363 907 409 quomodo
933 362 975 394 ad
1002 357 1217 393 iracundiam
1245 362 1404 397 provoca
1421 376 1430 396 ,-

92 423 282 456 Dominum
312 420 422 451 Deum
451 421 550 448 tuum
581 414 616 446 in
642 410 840 444 solitudine.
887 407 939 439 Ex
968 416 1005 437 eo
1033 403 1098 441 die,
1126 404 1194 444 quo
1219 407 1371 441 egressus
1394 410 1415 424 ⁴-

92 469 248 509 Acgypto
266 474 374 506 usque
391 461 433 494 ad
452 460 563 492 locum
583 457 698 493 istum,
714 463 847 495 semper
863 451 1045 483 adversum
1063 444 1252 479 Dominum
1266 444 1417 474 conten·-

92 516 120 543 ⁸.
147 510 234 542 Nam
253 513 285 540 et
302 507 337 539 in
357 504 474 538 Horeb
491 499 680 545 provocasti
699 508 789 535 eum,
811 500 843 528 et
860 495 966 527 iratus
983 491 1094 524 delere
1110 494 1142 520 te
1159 487 1278 524 voluit,
1323 484 1352 516 9.
1375 493 1399 526 q

92 556 135 587 do
163 551 299 586 ascendi
330 551 365 582 in
394 551 558 582 montem.
589 548 627 576 ut
658 542 845 584 acciperem
878 536 1013 570 tabulas
1044 532 1206 576 lapideas,
1233 527 1368 562 tabulas
1402 542 1426 555 ·-

94 597 186 642 quod
206 595 336 640 pepigit
353 592 529 625 vobiscum
550 587 734 628 Dominus:
759 589 791 617 ct
816 579 1028 625 perseveravi
1055 578 1090 610 in
1117 578 1233 608 monte
1255 571 1446 633 quadra-h*

96 641 217 675 diebus
248 651 286 672 ac
318 636 484 673 noctibus,
522 643 647 675 panem
687 640 757 662 non
796 625 986 661 comedens,
1024 626 1056 655 et
1093 629 1221 662 aquam
1257 626 1327 649 non
1357 613 1410 647 bi
1424 628 1437 641 1«

100 687 147 718 10.
173 683 344 725 Deditque
366 679 453 712 milii
474 677 644 710 Dominus
660 674 746 706 duas
763 670 899 704 tabulas
916 667 1068 710 lapideas
1083 663 1226 705 scriptas
1242 659 1351 702 digito
1366 657 1442 694 D·

98 729 311 762 continentes
328 723 445 757 onmia
463 721 566 754 verba
583 729 671 761 quae
687 716 785 749 vobis
800 715 935 747 locutus
951 715 999 743 est
1015 711 1050 742 in
1070 711 1186 740 monte
1202 705 1244 737 de
1261 701 1374 736 medio
1388 705 1436 742 132

99 772 240 816 quando
257 769 374 803 concio
391 765 509 810 populi
527 765 732 803 congregata
757 763 813 791 est.
861 758 910 789 11.
935 756 1092 796 Cumque
1118 749 1320 783 transissent
1345 755 1404 789 qu
1422 746 1440 771 {k

99 817 197 858 ginta
214 815 295 853 dies,
312 817 344 845 et
360 809 502 844 totidem
521 812 643 844 noctes,
669 804 763 837 dedit
785 801 873 834 mihi
893 799 1063 832 Dominus
1079 796 1165 828 duas
1181 791 1316 825 tabulas
1330 787 1440 832 lapis

101 860 238 894 tabulas
254 856 407 893 foederis,
454 854 504 886 12.
528 851 687 892 dixitque
704 847 808 880 mihi:
832 846 950 884 Surge,
977 846 1007 874 ct
1025 838 1191 873 descende
1207 836 1289 868 hinc
1305 833 1387 866 cito:
1416 847 1422 859 ι

103 903 251 948 populus
277 906 369 951 tuusz
395 908 497 941 quem
527 893 675 928 eduxisti
705 892 746 924 de
774 891 940 931 Aeg-wito,
967 885 1190 918 deseruerunt
1214 878 1375 912 velociter
1388 877 1437 912 χ

104 958 210 992 quam
228 941 467 978 demonstrasti
494 941 550 978 eis,
576 939 797 977 feceruntque
822 933 884 965 sibi
909 928 1090 963 conflatile.
1137 926 1186 958 13.
1211 923 1363 956 Rursum
1389 924 1443 965 ¹²0(

108 991 278 1024 Dominus
294 988 337 1020 ad
355 998 423 1019 me:
448 985 557 1017 Cerno
574 981 666 1024 quod
685 978 832 1023 populus
846 977 906 1008 iste
919 975 1025 1006 durae
1038 969 1178 1004 cervicis
1193 968 1251 1000 sit:
1287 965 1337 998 14.
1385 973 1436 996 ιιι.

107 1047 161 1068 me
177 1039 215 1067 ut
232 1037 406 1066 conteram
423 1039 514 1066 eum,
530 1031 562 1060 et
579 1025 710 1058 deleam
730 1028 855 1054 nomen
873 1020 944 1061 ejus
961 1018 1002 1049 de
1027 1015 1090 1048 sub
1113 1012 1216 1050 caelo,
1231 1014 1265 1043 et
1288 1006 1435 1043 οοηεῐίυ

107 1085 140 1112 te
155 1089 256 1121 super
272 1080 419 1118 gentem,
441 1083 530 1115 quae
555 1071 619 1102 hac
645 1068 754 1109 major
779 1069 811 1097 et
835 1064 954 1096 fortior
978 1061 1030 1093 sit.
1077 1059 1127 1090 15.
1152 1057 1309 1097 Cumque
1325 1051 1441 1084 demi*

108 1123 248 1156 ardente
274 1117 524 1153 descenderem,
549 1119 581 1146 et
606 1113 692 1145 duas
717 1109 851 1143 tabulas
876 1105 1018 1139 foederis
1043 1106 1189 1144 utraque
1214 1103 1364 1131 tenerem
1390 1108 1396 1124 ι
1423 1097 1444 1128 :f

112 1168 160 1200 16.
185 1165 416 1205 vidissemque
434 1171 493 1193 vos
509 1168 662 1202 peccasse
679 1154 829 1187 Domino
856 1151 925 1184 Deo
951 1152 1071 1186 vestro,
1097 1149 1129 1178 et
1153 1143 1267 1176 fecisse
1292 1138 1390 1173 vobis

113 1212 186 1243 lum
200 1206 420 1243 conflatilem,
436 1216 474 1236 ac
491 1201 676 1235 deseruisse
689 1197 849 1231 velociter
862 1195 953 1227 viam
969 1193 1050 1234 ejus,
1066 1199 1172 1232 quam
1186 1185 1282 1219 vobis
1295 1180 1442 1216 ostend

115 1257 163 1288 17.
213 1252 311 1294 rojeei
331 1249 466 1283 tabulas
483 1247 524 1279 de
542 1244 704 1278 manibus
721 1241 815 1279 meis,
832 1237 1052 1279 confregique
1062 1244 1120 1271 ‚eas
1136 1233 1173 1264 in
1190 1230 1371 1271 conspectu
1383 1235 1421 1258 v
1440 1250 1441 1253 η

115 1300 155 1331 18
188 1265 234 1329 ἓῑ
249 1294 379 1339 procidi
398 1296 477 1325 ante
495 1289 684 1322 Dominum
699 1287 786 1318 sicut
798 1284 903 1327 prius,
920 1277 1151 1324 quadraginta
1164 1273 1285 1307 diebus
1300 1275 1333 1304 et
1348 1279 1441 1303 noct*

116 1351 241 1386 panem
269 1350 338 1371 non
367 1335 558 1372 comedens,
588 1336 620 1364 et
651 1340 778 1373 aquam
811 1338 879 1359 non
912 1325 1033 1357 bibens
1063 1324 1200 1364 propter
1226 1316 1345 1349 omnia
1370 1323 1435 1357 ριἦ

116 1389 227 1419 vestra
241 1394 330 1426 quac
342 1379 490 1423 gessistis
503 1381 621 1411 contra
635 1373 836 1410 Dominum,
853 1374 884 1403 et
901 1379 979 1401 eum
993 1367 1036 1400 ad
1054 1362 1271 1398 iracundiam
1285 1367 1390 1403 provo
1426 1393 1434 1401 Ἰ

120 1431 168 1462 19.
192 1428 293 1461 timui
313 1425 406 1458 enim
426 1421 703 1463 indignationem
732 1420 764 1450 et
791 1416 879 1448 iram
897 1413 1001 1450 illius,
1028 1420 1096 1452 qua
1124 1407 1308 1440 adversum
1323 1411 1384 1434 vos
1405 1403 1446 1428 »ss

118 1478 219 1511 tatus,
250 1470 361 1503 delere
389 1479 448 1501 vos
476 1465 594 1498 voluit.
642 1463 686 1495 Et
715 1458 896 1493 exaudivit
924 1466 978 1488 me
1007 1452 1177 1486 Dominus
1203 1449 1307 1482 etiam
1335 1445 1401 1478 hae
1435 1451 1442 1463 ·“

119 1520 169 1550 20.
194 1515 388 1548 Adversum
409 1512 523 1543 Aaron
541 1518 678 1551 quoque
703 1505 924 1537 veliementer
948 1500 1065 1535 iratus,
1090 1494 1202 1528 voluit
1225 1502 1304 1525 eum
1330 1499 1395 1522 con
1416 1502 1429 1516 ιτ

121 1566 154 1594 et
170 1571 230 1604 pro
247 1558 308 1591 illo
324 1555 484 1589 similiter
500 1554 700 1595 deprecatus
716 1559 802 1581 sum.
842 1547 892 1578 21.
917 1544 1098 1576 Peccatum
1116 1542 1231 1571 autem
1249 1537 1403 1568 vestrum
1424 1545 1440 1563 ÷

121 1603 283 1639 feceratis.
300 1601 335 1634 id
353 1604 401 1633 est
417 1598 580 1635 vitulum,
607 1593 785 1636 arripiens,
812 1591 892 1631 igne
908 1585 1089 1623 combussi,
1117 1586 1149 1615 et
1176 1582 1211 1614 in
1240 1580 1348 1612 frusta
1397 1589 1437 1603 ew

122 1659 242 1686 nuens,
269 1645 482 1685 omninoque
510 1641 545 1673 in
575 1639 753 1682 pulverem
782 1634 949 1675 redigens,
976 1628 1100 1672 projeci
1130 1627 1166 1658 in
1182 1625 1378 1659 torrentem,
1426 1636 1430 1645 e

124 1697 240 1724 monte
271 1687 455 1721 descendit.
502 1686 552 1718 22.
593 1683 634 1715 In
663 1677 839 1713 incendi0¹
879 1685 1015 1719 quoque
1046 1676 1079 1704 et
1109 1671 1146 1703 in
1177 1661 1394 1703 tentatione,²
1425 1675 1438 1689 2·-

124 1734 322 1779 Sepulchris
339 1728 634 1772 concupiscentiae
650 1722 858 1768 provocastis
877 1719 1082 1752 Dominum:
1129 1714 1180 1746 23.
1204 1716 1236 1744 et
1263 1706 1403 1753 quando
1428 1721 1442 1733 ιτ

126 1791 185 1813 vos
212 1779 253 1811 de
279 1775 504 1810 Cadesbarne.
530 1772 660 1804 dicens:
686 1766 878 1800 Ascendite.
903 1768 933 1795 et
952 1759 1118 1805 possidete
1142 1761 1280 1793 terram,
1305 1760 1411 1796 quam
1430 1768 1436 1784 ι

127 1823 233 1861 vobis,
260 1825 293 1854 et
320 1817 570 1859 contempsistis
587 1812 773 1856 imperium
793 1807 932 1842 Domini
952 1805 1013 1838 Dei
1032 1802 1146 1840 vestri,
1172 1803 1204 1832 et
1232 1808 1301 1831 non
1327 1792 1440 1829 credi

128 1869 169 1907 vi,
186 1876 297 1908 neque
315 1874 430 1896 vocem
449 1861 521 1903 ejus
537 1858 657 1892 audire
674 1854 844 1889 voluistis:
891 1851 941 1883 24.
965 1848 1022 1881 sed
1050 1855 1182 1887 semper
1209 1841 1322 1875 fuistis
1342 1836 1433 1872 reb*

129 1912 185 1944 die
216 1921 285 1953 qua
317 1918 413 1940 nosse
444 1916 503 1937 vos
534 1902 637 1944 coepi.
684 1901 734 1932 25.
772 1898 814 1930 Et
840 1895 932 1937 jacui
965 1902 1077 1925 eoram
1112 1887 1261 1921 Domino
1288 1881 1380 1928 quad

129 1955 250 1988 «liebus
277 1963 315 1986 ac
343 1947 528 1986 noctibus?
551 1945 679 1989 quibus
706 1953 785 1975 eum
802 1938 1004 1982 suppliciter
1020 1931 1235 1976 deprecabar,
1261 1939 1304 1962 ne
1320 1925 1375 1960 del
1420 1927 1451 1958 2'

131 2004 170 2032 ut
187 1999 297 2031 suerat
312 1993 557 2027 comminatus:
604 1990 654 2021 213.
679 1991 712 2020 ct
735 1996 837 2018 orans
862 1982 952 2015 dixi:
979 1979 1126 2012 Domine
1154 1976 1254 2013 Deus,
1278 1982 1321 2004 ne
1345 1969 1381 2002 di
1419 2000 1422 2007 ,

133 2041 299 2086 populum
318 2043 429 2073 tuum,
456 2040 488 2068 et
516 2033 740 2066 hereditatem
768 2035 876 2065 tuam,
901 2035 1006 2068 quam
1036 2019 1208 2055 redemisti
1226 2017 1262 2049 in
1279 2023 1384 2057 magn

133 2094 203 2124 tun,
229 2095 314 2127 quos
335 2080 485 2116 eduxisti
513 2079 554 2110 dc
579 2077 736 2117 Aegypto
754 2074 789 2105 in
807 2081 914 2104 manu
933 2068 1020 2101 sorti.
1066 2066 1116 2098 27.
1142 2060 1332 2096 Recordare
1347 2067 1381 2090 se
1402 2083 1439 2093 ,,

134 2137 273 2163 tuorum
292 2125 480 2161 Abraham,
499 2123 603 2160 Isaac,
619 2125 652 2152 et
668 2117 788 2152 Jacob:
814 2126 856 2148 ne
881 2112 1026 2155 aspicias
1042 2107 1209 2142 duritiam
1227 2101 1345 2148 populi
1361 2094 1434 2142 11ιή

135 2174 347 2216 impietatem
365 2173 468 2211 atque
486 2169 677 2209 peccatum:
725 2162 775 2193 25.
800 2166 842 2191 ne·
870 2158 954 2190 forte
981 2155 1099 2187 dicant
1126 2148 1382 2183 habitatoreste

135 2229 205 2260 qua
235 2213 385 2248 eduxisti
414 2223 489 2244 nos:
514 2209 591 2241 Non
624 2209 756 2250 poterat
789 2202 958 2236 Dominus
990 2195 1206 2230 introducere
1236 2201 1291 2224 eos
1320 2189 1359 2222 in
1402 2188 1439 2223 ,-.=‘3

135 2272 241 2305 quam
260 2257 433 2302 pollicitus
449 2259 498 2287 est
514 2253 571 2291 eis,
588 2256 616 2284 et
635 2250 753 2282 oderat
769 2247 859 2280 illos:
885 2243 1011 2277 ideireo
1028 2239 1158 2277 eduxit,
1185 2240 1225 2269 ut
1251 2231 1431 2267 interfic
1464 2270 1466 2272 q

137 2307 173 2338 in
190 2302 392 2339 solitudine;
439 2299 489 2331 ²20.
513 2297 573 2339 qui
590 2299 672 2327 sunt
689 2291 836 2336 populus
851 2293 932 2321 tuus
948 2290 980 2319 et
996 2283 1168 2318 hereditas
1183 2285 1253 2319 tua,
1275 2286 1360 2322 quos
1375 2271 1441 2310 ed*

138 2351 175 2382 in
193 2345 394 2381 fortitudine
411 2347 471 2376 tua
488 2350 625 2383 nnagna,
641 2342 674 2371 ct
690 2337 726 2369 in
745 2333 884 2369 brachio
901 2336 960 2365 tuo
976 2331 1123 2362 extento.
