1504 2540
1337 69 1395 99 351

13 188 143 234 singuli,
173 186 442 227 obtuleruntque
479 193 519 215 ea
556 181 594 213 in
633 180 814 222 conspectu
845 173 1070 209 tabernaculi.
1115 171 1144 203 4.
1183 169 1243 202 Ait
1279 170 1395 200 autem

14 233 175 270 Dominus
206 231 249 264 ad
282 230 437 271 Moysen:
485 227 512 259 5.
548 225 688 267 Suscipc
718 222 762 255 ab
793 221 840 254 eis
878 223 917 252 ut
954 218 1106 251 serviant
1136 215 1172 247 in
1204 210 1397 245 ministerio

15 275 228 314 tabernaculi,
245 277 278 307 ct
293 272 405 306 trades
421 282 460 304 ea
476 269 606 302 Levitis
619 269 720 311 juxta
735 265 892 298 ordinem
911 260 1094 294 ministerii
1112 259 1174 291 sui.
1221 260 1249 289 6.
1275 256 1397 297 ltaque

15 332 84 356 :um
102 319 300 356 suscepisset
317 317 449 358 Moyses
466 314 618 357 plaustra
644 316 676 344 et
700 311 813 348 boves,
838 307 983 340 tradidit
1008 316 1062 337 eos
1082 302 1220 336 Levitis.
1268 302 1295 333 T.
1321 298 1398 330 Duo

15 365 160 410 plaustra
185 366 217 395 et
242 365 391 405 quatuor
415 359 518 391 boves
543 356 639 389 dedit
659 355 740 387 filiis
765 354 904 390 Gerson,
925 351 1027 392 juxta
1054 348 1087 379 id
1116 346 1207 389 quod
1225 342 1401 376 habebam:

15 407 250 444 necessarimm
298 406 326 437 S.
351 407 498 447 quatuor
515 401 583 433 alia
600 400 763 442 plaustra,
789 401 821 429 et
845 400 919 428 octo
944 394 1047 426 boves
1064 391 1160 423 dedit
1176 389 1257 421 filiis
1274 385 1401 419 Merari

16 452 198 490 3ecundum
215 448 326 482 officia
354 452 386 480 et
413 446 545 479 cultum
564 455 676 483 suum,
703 442 766 474 sub
784 451 890 472 manu
909 438 1065 470 Ithamar
1081 434 1144 467 tilii
1165 434 1279 465 Aaron
1296 440 1402 462 sacer-

35 496 112 531 otis:
158 495 187 527 9.
222 493 303 526 filiis
333 495 449 524 autem
482 488 589 521 Caath
622 498 691 519 non
723 485 818 517 dedit
848 483 1001 526 plaustra
1032 484 1064 512 et
1094 479 1211 510 boves:
1251 475 1334 517 quia
1365 473 1403 504 in

17 539 212 576 Sanctuario
242 536 408 574 serviunt,
446 537 479 566 et
509 543 613 565 onera
644 529 792 573 propriis
822 530 961 570 portant
992 522 1155 556 humeris.
1202 521 1252 552 10.
1291 517 1405 559 Igitur

17 583 211 619 obtulerunt
227 579 346 613 duces²
370 579 406 610 111
433 577 684 610 dedicationem
703 573 831 610 altaris,
857 571 912 603 die
929 580 999 612 qua
1016 572 1160 599 unctum
1179 568 1237 602 est,
1261 561 1405 594 oblatio-

17 638 92 662 nem
118 636 216 659 suam
244 628 324 657 ante
351 623 466 655 altare.
514 621 563 652 11.
600 619 766 660 Dixitque
799 615 969 648 Dominus
1000 611 1043 644 ad
1076 610 1231 651 Moysen:
1267 603 1407 647 Singuli

18 671 114 706 duces
152 680 211 713 per
249 666 403 710 singulos
442 665 513 698 dies
551 664 696 696 offerant
735 670 879 693 munera
918 658 955 690 111
995 654 1247 687 dedicationem
1279 648 1408 682 altaris,

19 716 66 750 12.
89 715 205 747 Primo
233 713 289 745 die
316 710 442 743 obtulit
469 708 678 741 oblationem
707 716 804 737 suam
835 702 1013 735 Nahasson
1040 699 1132 731 filius
1150 692 1350 728 Aminadab
1367 691 1409 724 de

20 759 108 794 tribu
138 757 245 790 Juda:
292 756 342 787 13.
382 755 590 794 fueruntque
630 751 666 782 in
706 760 744 781 ea
782 743 1022 780 000111110101113
1059 745 1262 784 argenteum
1293 735 1409 780 pondo

20 807 154 837 centum
186 800 330 842 triginta
360 797 533 835 siclorum,
566 794 684 838 phiala
714 796 875 833 argentea.
907 789 1038 821 habens
1065 783 1284 828 septuaginta
1311 779 1411 813 siclos

21 847 114 891 juxta
141 844 277 888 pondus
303 841 509 879 Sanetuarii,
536 844 724 880 utrumque
752 836 895 879 plenum
923 832 1040 865 simila
1067 838 1246 870 0005110150
1274 825 1348 857 0100
1373 823 1412 855 in

21 890 238 924 sacrificium:
287 888 337 919 14.
362 883 620 918 111011111101111114
644 893 685 914 ex
714 881 829 913 decem
859 877 952 910 siclis
967 875 1080 908 aureis
1096 873 1239 915 plenum
1257 870 1412 901 incenso:

23 935 71 969 15.
94 934 216 966 bovem
231 932 272 964 de
285 934 450 968 armento,
468 933 500 960 et
516 927 667 963 arietem,
684 929 716 957 et
732 934 863 966 agnum
879 919 1084 954 anniculum
1103 918 1138 949 in
1156 915 1414 947 holocaustum:

22 978 71 1012 16.
104 977 310 1018 hircumque
341 985 401 1016 pro
432 976 583 1015 peccato:
631 971 680 1002 1'1’.
715 972 750 1001 et
779 968 815 999 in
847 964 1014 998 sacrificio
1040 957 1281 1005 pacificorum⁵
1310 956 1414 988 boves

25 1022 117 1058 duos.
143 1020 264 1053 arietes
291 1018 456 1061 quinque,
484 1016 596 1048 hircos
623 1015 790 1056 quinque,
816 1020 922 1050 agnos
939 1005 1120 1040 anniculos
1136 1003 1307 1046 quinque:
1331 1000 1416 1031 haee

22 1070 73 1099 est
87 1064 214 1098 oblatio
231 1063 410 1095 Nahasson
428 1060 490 1093 filii
509 1057 719 1091 Aminadab.
758 1057 808 1088 18.
832 1052 989 1086 Secundo
1006 1051 1061 1082 die
1077 1047 1203 1081 obtulit
1220 1041 1417 1078 Nathanael

27 1109 117 1143 filius
132 1109 229 1146 Suar,
256 1107 329 1139 dux
357 1105 398 1137 de
425 1104 518 1137 tribu
548 1101 712 1138 Issachar‚
759 1100 809 1131 19.
833 1095 1051 1130 acetabulum
1070 1095 1273 1134 argenteum
1291 1097 1418 1130 appen-

28 1153 110 1195 dens
135 1156 275 1185 centum
302 1149 446 1191 triginta
472 1147 581 1186 siclos,
608 1144 764 1188 phialam
781 1145 978 1184 argenteam
996 1138 1180 1170 habentem
1199 1131 1420 1176 septuaginta

24 1197 134 1236 siclos,
153 1195 255 1236 juxta
272 1193 407 1236 pondus
423 1190 628 1227 Sanctuarii,
652 1193 842 1229 utrumque
858 1185 999 1227 plenum
1018 1181 1134 1214 simila
1150 1187 1329 1220 conspersa
1345 1174 1419 1207 oleo

31 1241 67 1274 in
82 1239 302 1273 sacrificium:
350 1238 400 1269 20.
424 1234 664 1268 mortariolum
681 1242 825 1264 aureum
848 1228 979 1261 habens
1007 1226 1123 1259 decem
1151 1222 1249 1255 siclos
1276 1220 1421 1262 plenum

31 1285 181 1319 incenso:
228 1283 278 1315 21.
302 1282 425 1314 bovem
454 1280 496 1311 de
520 1281 687 1314 armento,
714 1279 747 1307 et
773 1275 925 1311 arietem,
953 1275 983 1303 et
1011 1279 1142 1312 agnum
1159 1264 1366 1299 anniculum
1383 1262 1422 1293 in

32 1329 283 1362 holocaustum:
330 1325 380 1357 22.
404 1324 610 1365 hircumque
638 1331 699 1363 pro
726 1322 878 1361 pecc-ato:
924 1316 974 1347 23.
999 1318 1031 1346 et
1058 1313 1094 1344 111
1123 1309 1288 1343 sacrificio
1307 1306 1423 1349 pacifi-

26 1383 149 1407 corum
176 1370 280 1403 boves
306 1369 402 1407 duos,
429 1367 549 1399 arietes
577 1365 748 1408 quinque;
776 1362 888 1394 hircos
915 1359 1082 1402 quinque,
1109 1365 1216 1397 agnos
1242 1349 1424 1384 anniculos

35 1416 201 1494 guinque:
226 1414 310 1446 haec
327 1413 390 1445 fuit
408 1410 536 1443 oblatio
553 1407 746 1441 Nathanael
764 1406 827 1438 filii
845 1405 941 1436 Suar.
987 1402 1038 1434 24.
1062 1399 1176 1432 Tertio
1193 1397 1248 1429 die
1265 1395 1424 1438 princeps

59 1460 184 1492 liorum
203 1457 369 1494 Zabulon,
386 1454 488 1487 Eliab
504 1454 596 1485 filius
613 1451 727 1484 Helen
768 1450 817 1482 25.
842 1447 968 1480 obtulit
984 1443 1204 1478 acetabulum
1221 1442 1425 1478 argenteum

28 1503 231 1547 *appendens
247 1504 384 1534 centum
402 1498 545 1540 triginta
562 1496 672 1534 siclos,
698 1493 854 1536 phialam
874 1494 1072 1533 argenteam
1090 1487 1274 1519 habentem
1292 1486 1426 1524 septua-

38 1548 132 1591 ginta
159 1546 258 1578 siclos
284 1544 326 1577 ad
355 1543 492 1586 pondus
518 1539 724 1577 Sanctuarii,
750 1542 938 1578 utrumque
954 1534 1097 1576 plenum
1115 1529 1230 1562 simila
1247 1535 1428 1568 conspersa

39 1590 110 1625 oleo
135 1591 172 1623 in
200 1588 420 1622 sacrificium:
468 1586 518 1618 26.
542 1582 781 1616 mortariolum
810 1589 955 1612 aureum
979 1575 1178 1619 appendens
1195 1573 1310 1604 decem
1328 1569 1428 1602 sic-los

62 1634 178 1667 lenum
195 1634 348 1666 incenso:
395 1632 446 1663 27.
469 1630 591 1661 bovem
610 1627 651 1659 de
667 1629 832 1662 armento,
849 1627 881 1656 et
897 1623 1049 1660 arietem,
1076 1623 1108 1651 et.
1136 1627 1266 1659 agnum
1286 1613 1429 1647 annicu-

54 1689 111 1712 um
135 1678 172 1710 in
196 1678 450 1709 holocaustum:
498 1674 548 1705 28.
573 1672 781 1712 hircumque
796 1679 858 1710 pro
874 1670 1024 1709 peccato:
1071 1664 1123 1695 29.
1146 1666 1178 1694 et
1201 1661 1238 1692 111
1262 1656 1429 1691 sacrificio

40 1722 259 1766 pacificorum
274 1720 378 1752 boves
394 1718 488 1756 duos,
505 1716 626 1749 arietes
641 1714 807 1754 Quinque,
823 1712 936 1743 hircos
948 1709 1113 1752 quinque,
1130 1715 1236 1747 agnos
1249 1700 1430 1735 anniculos

43 1766 209 1843 guinquffi
232 1765 316 1796 haee
343 1766 392 1794 est
418 1761 545 1794 oblatio
573 1758 675 1791 Eliab
702 1757 766 1790 filii
796 1755 920 1788 Helon.
967 1754 1018 1785 30.
1043 1752 1106 1783 Die
1133 1752 1256 1792 quarto
1273 1746 1431 1789 princeps

66 1809 189 1843 liorum
208 1808 343 1846 Ruben,
360 1806 476 1838 Elisur
492 1804 585 1837 filius
601 1802 729 1834 Sedeur
774 1800 824 1831 31.
849 1797 975 1831 obtulit
991 1793 1209 1828 acetabulum
1228 1793 1431 1832 argenteum

43 1853 238 1896 appendens
253 1855 392 1884 centum
409 1849 553 1890 triginta
575 1846 683 1884 siclos,
708 1843 864 1887 phialam
881 1844 1078 1882 argenteam
1096 1837 1282 1870 habentem
1299 1836 1433 1875 septua—

45 1897 138 1939 ginta
164 1896 263 1929 siclos
290 1895 332 1927 ad
361 1893 496 1936 pondus
523 1889 728 1926 Sanctuarii,
756 1892 944 1927 utrumque
960 1884 1102 1927 plenum
1120 1880 1237 1913 simila
1253 1886 1433 1918 conspersa

45 1939 115 1973 oleo
141 1940 178 1972 in
205 1938 427 1972 sacrificium:
473 1936 525 1968 32.
549 1932 787 1966 mortariolum
817 1940 959 1963 aureum
984 1926 1183 1969 appendens
1200 1923 1315 1955 decem
1333 1919 1434 1952 siclos

68 1983 184 2017 lenum
201 1984 352 2015 incenso:
401 1981 451 2012 33
475 1979 599 2011 bovem
617 1977 658 2009 de
675 1978 842 2012 armento,
869 1977 901 2006 et
926 1972 1077 2010 arietem,
1094 1973 1127 2001 et
1142 1977 1273 2009 agnum
1291 1963 1434 1997 annicu—

60 2038 117 2060 um
144 2028 180 2059 in
208 2026 462 2058 holocaustum:
510 2023 559 2054 34.
583 2021 790 2061 hircumque
818 2028 878 2059 pro
906 2019 1055 2058 peccato:
1102 2014 1153 2045 35.
1181 2015 1214 2043 et
1240 2011 1276 2042 in
1306 2007 1435 2040 hostias

47 2071 262 2114 pacificorum
276 2070 379 2101 boves
391 2068 486 2105 (1005,
501 2066 622 2098 arietes
639 2064 804 2107 quinque,
821 2061 933 2093 hircos
949 2059 1115 2102 quinque,
1131 2066 1237 2097 agnos
1253 2050 1436 2085 anniculos

2 2124 4 2134 ¹
48 2115 213 2191 guinquffi
237 2114 321 2146 haec
346 2112 412 2144 fuit
435 2109 564 2142 oblatio
586 2108 702 2140 Elisur
718 2106 781 2139 filii
799 2105 935 2137 Sedeur.
982 2103 1032 2134 36.
1058 2101 1122 2133 Die
1138 2099 1260 2142 quinto
1277 2096 1435 2138 princeps

73 2157 196 2191 liorum
226 2157 375 2195 Simeon,
405 2152 568 2186 Samaliel
600 2152 692 2185 filius
723 2147 922 2182 Surisaddai
969 2146 1020 2179 37.
1058 2143 1183 2177 obtulit
1215 2138 1436 2173 acetabulum

0 2237 1 2243 ¹
49 2205 245 2277 &zenteum
284 2198 482 2242 appendens
520 2199 658 2229 centum
697 2193 842 2234 triginta
887 2190 996 2228 siclos,
1042 2187 1198 2231 phialam
1238 2186 1437 2225 argent-eam

49 2242 95 2283 ha
118 2249 230 2277 entem
258 2242 475 2286 septuaginta
502 2240 600 2272 siclos
628 2238 671 2271 ad
699 2237 835 2279 pondus
856 2233 1061 2271 Sanctuarii,
1088 2236 1276 2271 utrumque
1292 2226 1437 2269 plenum

50 2287 161 2329 simila
187 2297 366 2330 conspersa
392 2286 465 2317 oleo
488 2284 524 2316 in
549 2282 770 2315 sacrificium:
817 2280 867 2311 38.
892 2276 1132 2310 mortariolum
1150 2282 1293 2306 aureum
1311 2279 1438 2311 appen-

51 2328 131 2373 dens
146 2332 262 2365 decem
278 2330 377 2363 siclos
393 2329 536 2372 plenum
553 2327 706 2359 incenso:
752 2324 803 2356 39.
827 2323 950 2356 bovem
975 2321 1017 2354 (10
1040 2321 1206 2354 armento,
1230 2318 1262 2347 et
1285 2314 1438 2352 arietem,

256 2384 410 2417 Qecbnet:
431 2382 476 2416 bl.
496 2380 607 2414 &schrift
627 2379 661 2408 21.
684 2378 750 2411 zest.
769 2376 793 2407 I.
1195 2371 1230 2398 23
