1541 2540
1344 62 1401 89 5⁵10

15 194 100 227 quae
116 180 263 223 suscepit
279 190 368 217 eum,
386 180 417 209 et
434 173 629 208 introduxit
647 172 682 204 in
700 170 841 202 domum
862 167 965 210 patris
982 165 1044 198 sui.
1078 162 1176 203 Quod
1195 172 1271 193 vum
1291 158 1405 191 audis-

15 232 62 260 set
86 237 178 259 socer
203 225 283 265 ejus,
300 232 448 263 eumque
474 219 623 250 vidisset.
641 214 787 247 occurrit
803 213 830 244 ei
850 212 968 249 laetus,
1014 210 1042 241 4.
1067 214 1099 240 et
1122 206 1339 248 amplexatus
1356 207 1405 234 cst.

16 271 202 304 hominem.
219 267 413 307 Mansitsme
431 274 534 306 gener
548 262 581 293 in
601 260 702 291 domo
719 257 821 289 soceri
841 255 950 287 tribus¹
964 251 1114 290 ‹liebns‚³
1131 249 1311 282 comedens
1324 258 1400 278 cuni

16 326 52 348 eo
69 318 102 346 et
117 313 237 346 bibens
255 308 479 343 familiariter.
519 307 547 337 Γ).
574 304 637 336 Die
653 307 765 335 autem
786 304 907 342 quarto
925 298 965 329 111·
985 301 1079 328 nocto
1096 303 1314 332 consurgviw,
1332 302 1404 332 pro-

17 358 120 391 ficisci
138 356 257 389 voluit.
304 354 413 392 Quem
433 350 543 383 tenuit
562 358 662 382 socer,
679 350 711 378 et
728 345 775 376 ait
792 344 833 376 ad
852 354 945 374 euin:
972 343 1078 372 (iusta
1097 339 1190 381 prins
1208 333 1402 379 pauxillum

18 401 146 446 panis,⁴
169 404 202 432 et
218 399 370 431 conforta
386 393 613 427 stomachum,
627 395 658 422 et
675 390 721 421 sic
739 386 967 431 proficisceris.
993 387 1020 416 6,
1039 383 1274 422 Sederuntque
1291 377 1406 411 simul,

18 457 54 479 ac
71 444 293 477 come-derunt
310 445 341 472 et
359 440 527 471 biberunt.
576 435 741 475 Dixitque
770 436 864 474 pater
891 429 1023 471 puellae
1040 427 1081 459 ad
1100 435 1265 468 generum
1288 433 1406 454 suum:

19 490 149 529 Quaeso
166 492 197 519 te
215 490 253 518 ut
269 485 371 517 hodie
396 483 453 514 hic
479 491 628 516 maneas,
646 477 841 520 pariterque
855 474 1031 505 laetemur.
1079 472 1106 503 Τ.
1132 470 1176 500 At
1194 468 1251 499 1110
1268 476 1404 498 consur-

19 544 107 576 gens,
124 531 234 573 coepit
250 528 337 561 velle
354 525 530 569 proficisci.
579 523 621 554 Et
639 520 869 553 nihilominus
886 517 1012 549 obnixe
1029 525 1107 546 eum
1125 523 1216 544 socer
1234 510 1354 542 tenuit.
1371 513 1399 538 vt

20 576 111 619 apud
128 587 161 607 se
178 574 256 606 fecit
272 582 419 604 manere.
466 570 494 601 8.
520 568 621 599 Mane
647 569 760 597 autem
789 564 886 599 sacto,
903 560 1046 602 parabat
1064 557 1198 589 Levites
1222 555 1295 586 iter.
1343 552 1404 582 (ni

21 630 111 653 socer
128 628 280 651 rursum:
305 618 372 648 Oro
390 618 430 652 te,
448 611 572 654 inquit,
590 614 627 641 nt
644 607 827 651 paululum
853 605 919 637 cibi
939 604 1061 645 capias,
1079 605 1111 633 et
1127 598 1311 637 assumptis
1328 596 1408 628 viri-

21 664 93 702 bus,
110 663 217 695 donee
235 662 396 692 increscat
418 657 499 694 dies,
516 658 631 697 postca,
655 650 886 694 proficiscaris.
934 646 1164 679 Comederunt
1180 653 1258 683 ergo
1276 639 1389 672 simul.
1401 638 1411 652 ⁵

21 710 50 741 9.
74 706 299 747 Surrexitque
326 702 529 738 adolescens,
557 703 595 729 ut
623 698 775 739 pergeret
803 704 879 725 011111
911 702 1017 723 uxore
1038 700 1098 721 sua
1116 692 1147 719 et
1164 683 1300 729 1»11(Ῑ1’0.’Ξ
1347 683 1408 714 ('ui

23 761 159 784 rursum
177 749 310 781 locutus
327 750 374 778 est
391 755 496 777 socer:
536 740 720 773 Considera
745 737 835 780 quod
854 736 925 767 dies
942 734 983 766 ad
1002 742 1156 765 occasum
1177 728 1342 762 declivior
1358 729 1411 758 sit.

23 799 55 828 et
70 794 281 837 propinquat
297 790 339 822 ad
358 798 551 830 vesperum:
591 795 692 816 inane
717 781 807 824 apud
827 791 880 812 me
897 780 1000 811 etiam
1024 776 1134 814 hodie,
1151 779 1182 806 et
1200 774 1265 805 due
1283 773 1408 803 laetum

23 839 126 876 diem,
142 841 174 869 et
191 847 263 868 cras
289 831 509 877 [ιι-0601500115
535 833 573 861 ut
598 828 703 860 vadas
722 827 755 858 in
774 826 916 856 domum
936 827 1041 854 tuam.
1090 820 1138 851 10.
1165 817 1284 849 Noluit
1308 825 1412 857 gener

24 882 236 925 acquiescere
261 876 476 910 sermonibus
501 874 587 915 ejus:
621 871 677 903 sed
695 869 809 902 statim
829 866 988 910 perrexit,
1005 869 1037 896 et
1054 863 1149 895 venit
1166 865 1282 893 contra
1299 858 1415 896 Jebus,

25 937 113 969 quae
138 925 244 957 altero
270 921 410 954 nomine
432 922 573 950 vocatur
589 914 791 948 Jerusalem.
808 912 936 943 ducens
953 919 1065 941 secum
1085 907 1169 938 duos
1186 905 1298 937 asinos
1315 913 1414 933 onus—

26 974 85 1009 tos,
101 974 134 1001 et
151 966 389 1000 concubinam.
438 964 486 994 11.
510 961 659 1002 Jamque
676 957 880 998 erantjnxta
896 954 1010 991 Jebus,
1027 955 1059 983 et
1075 951 1146 982 dies
1164 948 1363 980 mutabatur
1380 945 1415 976 in

26 1017 175 1046 noctem:
200 1011 359 1051 dixitque
376 1018 459 1050 puer
475 1006 519 1037 ad
537 1004 718 1036 dominum
737 1011 852 1032 suum:
881 997 978 1033 Veni,
991 996 1137 1030 obsecro,
1150 992 1361 1024 declinemus
1373 988 1414 1021 ad

27 1057 147 1090 urbem
175 1054 432 1088 Jebusaeorum,
449 1054 481 1082 et
506 1057 708 1080 maneamus
736 1045 771 1076 in
798 1054 845 1075 ea.
894 1042 942 1073 12.
968 1039 1031 1072 Cui
1048 1036 1224 1080 respondit
1240 1035 1417 1066 dominus:

30 1101 107 1133 Non
133 1098 308 1141 ingrediar
335 1095 503 1137 oppidum
529 1091 640 1134 gentis
657 1090 798 1126 alienae,
816 1096 903 1128 quae
921 1096 989 1116 non
1007 1087 1056 1114 est
1073 1082 1114 1113 de
1131 1080 1212 1113 filiis
1229 1077 1344 1115 Israel,
1361 1076 1416 1107 sed

28 1143 182 1177 transibo
207 1152 316 1183 usque
341 1139 474 1171 Gabaa:
522 1137 571 1167 13.
597 1139 628 1166 et
653 1144 731 1165 cum
759 1131 842 1163 illuc
866 1138 1062 1171 pervenero,
1080 1124 1298 1157 manebimus
1316 1122 1351 1152 in
1370 1132 1420 1154 ea,

29 1192 90 1221 aut
106 1191 194 1219 certe
210 1186 247 1217 in
264 1184 348 1216 urbe
366 1183 485 1214 Rama.
534 1180 582 1211 14.
607 1176 833 1209 Transierunt
850 1184 929 1214 ergo
946 1171 1060 1207 ι1011115,
1078 1173 1109 1201 et
1126 1171 1282 1210 coeptum
1308 1175 1421 1206 carpe-

30 1232 116 1264 bant
132 1231 205 1268 iter,
221 1227 449 1268 occubuitque
466 1225 513 1256 eis
530 1222 577 1254 sol
600 1223 702 1263 juxta
728 1218 854 1255 Gabaa,
872 1227 960 1259 quae
986 1218 1034 1246 est
1050 1214 1086 1245 in
1104 1212 1196 1244 tribu
1224 1208 1420 1250 Benjamin:

32 1276 82 1309 15.
108 1275 390 1313 diverteruntque
408 1269 450 1301 ad
468 1279 553 1305 eam,
571 1270 609 1298 ut
626 1266 805 1296 manerent
821 1261 879 1293 ibi⁴
926 1260 1001 1298 Quo
1026 1268 1103 1289 011111
1122 1256 1314 1291 intrassent,
1331 1251 1420 1283 sede-

32 1320 118 1352 bant
134 1318 170 1350 in
189 1317 302 1360 platea
329 1313 488 1349 civitatis,
505 1315 537 1343 et
554 1310 672 1341 nullus
700 1319 754 1339 eos
782 1305 928 1347 recipere
947 1302 1057 1334 voluit
1081 1297 1259 1341 hospitio,7
1306 1297 1356 1327 16.
1383 1295 1423 1326 Et

34 1374 118 1401 ecce,
135 1360 296 1404 apparuit
314 1359 416 1390 1101110
430 1367 543 1392 senex,
561 1357 733 1385 revertens
750 1350 791 1382 de
807 1360 889 1390 agro
905 1351 937 1379 et
954 1347 995 1378 de
1011 1355 1111 1387 opere
1127 1354 1188 1375 suo
1205 1340 1347 1383 vesperi,
1364 1339 1424 1380 qni

35 1411 68 1439 et
98 1406 169 1448 ipse
200 1405 242 1436 de
274 1406 389 1434 monte
421 1403 492 1432 erat
525 1397 702 1439 Ephraim,
727 1398 758 1426 et
782 1392 982 1435 peregrinus
1013 1387 1193 1420 habitabat
1224 1386 1260 1417 in
1293 1383 1425 1419 Gabazu

37 1450 195 1483 homines
211 1451 326 1480 autem
346 1444 493 1486 regionis
511 1442 606 1474 illius
622 1442 719 1472 erant
736 1438 798 1469 tilii
816 1435 956 1468 Jemini.
997 1435 1046 1466 17.
1072 1430 1291 1471 Elevatisque
1309 1426 1427 1461 oeulis,

37 1494 127 1527 vidit
151 1495 255 1525 s'enex
280 1490 452 1522 sedentem
480 1486 657 1518 hominem
675 1493 752 1515 011111
783 1478 964 1512 sarcinulis
990 1476 1059 1508 suis
1076 1476 1112 1506 in
1130 1474 1241 1516 platea
1264 1470 1428 1503 civitatis:

38 1541 72 1571 et-
87 1537 178 1569 dixit
193 1536 237 1568 ad
255 1545 349 1566 eum:
374 1531 476 1564 Unde
494 1529 610 1562 venis?
634 1531 667 1559 et
683 1537 751 1568 quo
768 1524 887 1556 vadis?
927 1523 976 1553 is.
1001 1520 1068 1559 Qui
1087 1517 1263 1560 respondit
1279 1515 1324 1547 ei:
1352 1514 1430 1545 Pro-

39 1581 116 1614 fecti
144 1590 264 1612 sumus
281 1578 321 1610 de
340 1575 540 1608 Bethlehem
570 1572 671 1608 Juda,
688 1574 720 1602 et
737 1568 911 1611 pergimus
928 1565 969 1597 ad
989 1564 1102 1595 locum
1120 1565 1286 1594 nostrum,
1304 1558 1362 1600 qui
1382 1560 1431 1589 est

40 1626 78 1657 in
95 1625 198 1657 latere
216 1621 342 1654 montis
360 1618 538 1661 Ephraim,
552 1616 644 1648 unde
658 1615 806 1646 ieramus
820 1611 855 1642 in
875 1608 1094 1642 Bethlehem:
1118 1610 1151 1638 et
1164 1615 1256 1637 1111110
1271 1602 1431 1634 vadimus

41 1669 84 1702 ad
102 1668 244 1700 domum
264 1665 336 1703 Dei,
348 1664 358 1680 ⁸
383 1662 569 1703 nullussnie
597 1658 660 1691 sub
691 1661 819 1689 tectum
850 1664 952 1685 suum
982 1663 1042 1684 nos
1070 1650 1146 1682 vult
1177 1648 1334 1689 recipere,
1383 1647 1432 1675 13).

42 1712 206 1745 habentes
223 1709 336 1752 paleas
353 1711 384 1740 et
401 1708 540 1738 foenum
558 1704 594 1735 in
612 1703 789 1735 asinorum
814 1697 990 1741 pabulum,
1007 1699 1040 1727 et
1055 1704 1180 1737 panem
1199 1703 1236 1724 ac
1254 1691 1376 1722 vinum
1396 1688 1430 1719 in

43 1767 135 1788 meos
152 1760 184 1787 et
200 1752 346 1786 ancillae
365 1755 442 1783 tuae
460 1760 550 1786 usus,
567 1751 598 1779 et
616 1745 723 1789 pueri,
740 1743 800 1786 qui
818 1751 952 1774 meeum
971 1743 1034 1771 est:
1068 1737 1165 1769 nulla
1183 1747 1217 1767 re
1235 1734 1433 1775 indigemus

43 1799 110 1833 nisi
137 1797 293 1840 hospitio.
341 1796 390 1827 ⁶20.
415 1794 476 1825 Cui
506 1790 683 1833 respondit
710 1798 828 1820 senex:
866 1785 937 1816 Pax
963 1788 1076 1815 tecum
1103 1781 1155 1817 sit,
1180 1790 1241 1821 ego
1266 1775 1433 1820 praebebo

43 1843 162 1876 omnia
179 1852 267 1884 quae
291 1837 478 1871 necessaria
495 1839 588 1868 sunt:
625 1837 772 1869 tantum,
794 1839 928 1872 quaese,
946 1838 987 1859 ne
1005 1827 1041 1858 in
1059 1825 1171 1867 platea
1188 1832 1335 1854 maneas.
1383 1821 1432 1851 2-1.

15 1911 17 1915 <
45 1885 315 1926 Introduxitque
342 1893 421 1915 eum
450 1881 485 1912 in
515 1880 655 1911 domum
686 1886 794 1913 suam,
811 1878 843 1905 et
867 1871 1033 1914 pabulum
1059 1868 1164 1901 asinis
1188 1864 1360 1909 praebuit:
1396 1874 1434 1894 a(-

46 1934 226 1974 postquam
248 1928 408 1960 laverunt
432 1924 533 1967 pedes
549 1933 636 1960 suos,
653 1919 777 1961 recepit
794 1929 847 1949 eos
864 1916 898 1947 in
918 1913 1129 1947 convivium.
1177 1912 1226 1942 22.
1252 1908 1326 1941 Illis
1343 1906 1436 1949 epul-

47 1974 195 2010 antibus,
211 1976 244 2004 et
260 1975 334 2013 post
359 1969 508 2001 laborem
536 1965 677 2002 itineris,
694 1963 768 1995 cibo
786 1965 817 1993 et
834 1964 915 2002 potu
942 1956 1172 1990 reficientibus
1189 1963 1338 1995 corpora,
1356 1961 1435 1982 ven-

0 2043 1 2049 ,
48 2021 149 2051 erunt
161 2016 227 2049 viri
246 2014 394 2048 civitatis
412 2012 515 2050 illius,
532 2010 595 2042 filii
614 2007 722 2040 Belial
734 2006 744 2023 ⁹
768 2005 815 2044 (id
833 2008 891 2041 est,
908 2002 1036 2043 absque
1048 2001 1155 2042 jugo),
1173 2002 1205 2029 et
1221 1994 1436 2029 circumdan-

47 2066 97 2095 tes
113 2061 256 2093 domum
273 2058 371 2096 senis,
385 2057 470 2088 fores
487 2054 622 2097 pulsare
638 2052 831 2093 coeperunt,
844 2047 1030 2079 clamantes
1043 2044 1086 2076 ad
1097 2040 1286 2074 ⁷dominum
1305 2039 1436 2071 domus,

50 2110 153 2147 atque
177 2104 340 2135 dicentes:
381 2100 477 2132 Educ
494 2098 619 2133 virum,
636 2095 695 2137 qui
715 2094 886 2134 ingressus
903 2094 950 2122 est
974 2089 1116 2120 domum
1144 2090 1250 2121 tuam,
1267 2087 1305 2114 ut
1321 2081 1439 2113 abuta—

51 2159 130 2182 mur
146 2159 192 2181 eo.
205 2147 224 2164 ’⁴'
269 2147 319 2178 23.
345 2145 576 2185 Egressusque
593 2143 641 2171 est
657 2139 699 2170 ad
717 2149 772 2169 eos
787 2146 901 2173 senex,
917 2137 950 2165 et
965 2133 1027 2165 ait:
1060 2130 1173 2163 Nolite
1190 2129 1317 2163 fratres,
1334 2124 1439 2156 nolite

52 2193 159 2225 facere
183 2190 314 2223 malum
333 2189 411 2220 hoc:
445 2186 528 2229 quia
545 2185 716 2225 ingressus
733 2184 780 2212 est
797 2179 900 2211 homo
917 2176 1105 2218 hospitium
1125 2182 1251 2208 meum,
1269 2173 1300 2202 et
1317 2173 1440 2200 cessate

53 2236 96 2269 ab
112 2236 177 2267 hac
193 2233 354 2267 stultitia:
394 2231 443 2263 24.
469 2229 578 2261 habeo
597 2227 703 2258 tiliam
722 2220 933 2264 vi1·ginem,¹¹
958 2224 991 2252 et
1007 2219 1063 2251 1110
1081 2218 1183 2249 1101110
1201 2214 1303 2246 habet
1320 2222 1441 2244 0011011-

53 2280 184 2318 binam,
199 2278 344 2310 educam
369 2286 424 2307 eas
440 2273 484 2305 ad
501 2283 570 2310 vos,
586 2274 625 2302 ut
641 2266 834 2301 humilietis
850 2276 915 2303 eas,
931 2268 964 2296 et
982 2266 1128 2295 vestram
1152 2258 1336 2291 libidinem
1354 2266 1442 2287 com—

55 2323 190 2367 pleatis:
229 2325 377 2357 tantum,
402 2318 549 2354 obsecro,
566 2325 608 2346 ne
624 2313 732 2345 scelus
761 2311 824 2342 hoc
851 2312 970 2341 contra
998 2310 1157 2338 naturam
1186 2299 1374 2344 operemini
1408 2299 1442 2329 in

56 2366 180 2400 virum.
226 2365 276 2397 25.
316 2361 487 2397 Nolebant
524 2358 735 2401 acquiescere
765 2351 981 2386 sermonibus
1020 2349 1128 2386 illius;
1175 2345 1266 2389 quod
1304 2353 1444 2376 cernens
