1504 2540
52 84 112 114 56⁶

52 182 156 214 istum
175 180 238 214 sub
256 190 361 213 manu
388 190 474 217 mea,
501 182 541 212 ut
566 179 734 212 auferrem
762 177 805 211 de
831 177 944 211 medio
972 175 1182 211 Abimelech.
1228 176 1307 210 Diet
1342 193 1359 206 ..
1379 196 1391 213 ι,

52 230 100 258 est
118 224 364 257 Abinielech:²’
386 224 563 273 Congrega
579 222 747 255 exercitus
762 221 1063 258 multitudinein,³⁰
1085 226 1117 254 et
1133 220 1221 254 veni.
1256 221 1306 254 30.
1364 236 1388 249 :x

53 269 146 302 enim
165 269 321 311 princeps
347 267 496 300 civitatis
523 266 664 311 auditis,
675 265 890 298 sermonibus
915 265 999 298 Gaal
1026 265 1089 297 filii
1121 264 1226 304 Obed,
1257 264 1365 298 iratus
1398 300 1408 309 Ἱ

53 312 164 347 valde.
210 313 260 344 31.
295 315 328 344 et
355 310 448 343 misit
474 309 561 343 clam
591 310 633 342 ad
663 309 862 342 Abiinelech
893 309 1042 348 nuntios,
1069 309 1197 342 dicens:
1233 307 1327 348 Ecce,

54 356 146 388 filius
162 355 256 388 Obed
274 355 370 387 venit
387 355 421 386 in
439 353 628 386 Sicliinunn
647 363 723 385 cuin
743 352 904 385 fratribus
919 353 998 391 suis,
1014 357 1047 385 et
1062 355 1239 395 oppugnat
1254 351 1341 384 adve

52 405 86 432 te
101 398 315 431 civitatem.³¹
361 399 410 430 32.
435 399 542 440 Surge
563 397 678 440 itaque
706 401 802 429 nocte
829 407 906 428 cum
934 395 1069 439 populo,
1096 395 1156 438 qui
1184 400 1295 428 tecum
1323 398 1381 436 est,
1399 416 1408 430 v,

54 443 151 475 latita
178 443 212 475 in
239 453 335 484 agro:
381 442 432 474 33.
456 446 488 473 et
514 441 625 483 primo
651 451 751 472 mane
773 440 902 472 oriente
926 439 1004 478 sole,
1025 439 1116 471 irrue
1132 449 1233 481 super
1248 438 1410 471 civita-*³

53 486 114 519 illo
130 491 244 519 autem
263 485 457 528 egrediente
473 484 653 517 adversum
673 488 705 516 te
721 494 798 516 cum
825 483 950 526 populo
965 494 1036 522 suo,
1057 483 1108 515 sac
1125 482 1153 515 ei
1171 482 1262 525 quod
1279 485 1384 525 potu»
1410 483 1414 517 j

53 531 104 563 34.
128 530 284 562 Surrexit
302 530 417 571 itaque
435 527 634 561 Abimelecb
653 538 730 560 cum
748 528 842 559 omni
861 527 1009 559 exercitu
1027 537 1088 558 suo
1109 530 1214 565 nocte,
1239 529 1272 558 et
1295 529 1376 558 tete·
1392 544 1397 553 ι

54 573 198 606 insidias
218 574 320 613 juxta
345 572 534 605 Sichilnam
565 572 599 603 in
626 575 775 614 quatuor
802 570 891 603 locis.
937 571 986 602 35.
1013 570 1242 612 Egressusque
1261 573 1311 602 est
1362 567 1411 597 :ss

53 617 146 650 filius
177 617 283 656 Obed,
321 622 354 649 et
391 615 484 648 stetit
522 615 556 647 in
597 615 741 647 introitu
779 618 895 657 portae
933 614 1090 646 civitatis.
1136 613 1292 645 Surrexit
1321 622 1367 646 au
1390 629 1413 649 ις

54 660 266 699 Abiinelecb,
290 665 322 693 et
338 660 451 692 omnis
467 659 635 691 exercitus
651 669 728 690 cum
747 669 785 690 eo
801 657 842 690 de
859 657 1063 690 insidiarum
1082 657 1162 689 loco.
1209 657 1258 689 36.
1283 656 1406 701 Cumq

52 705 195 737 vidisset
212 704 376 747 populum
396 703 492 741 Gaul,
519 703 609 734 dixit
636 699 679 734 ad
708 701 859 734 Zebul:³⁶
882 701 968 733 Ecce
992 701 1034 733 de
1061 699 1235 732 montibus
1251 699 1352 732 multi
1378 715 1422 744 ιεν

53 747 236 781 descendit.
283 748 345 780 Cui
379 747 436 779 ille
468 746 656 788 respondit:
691 745 839 778 Umbras
870 745 1041 777 montium
1074 744 1169 776 vides
1224 743 1295 776 uasi
1326 742 1416 778 ca'at,

52 792 248 831 hominum,
279 797 311 823 et
342 790 547 827 bocci-rore
578 789 751 832 deciperis.
798 790 847 822 37.
883 788 1104 830 Rursuinque
1135 787 1206 820 Gaa
1252 787 1317 820 ait:
1365 790 1392 806 '⁴

52 835 200 879 populus
216 835 258 867 de
276 834 440 867 umbilico
465 833 604 866 terrae*
627 832 810 871 descendit,
835 836 868 865 et
893 843 984 864 unus
1005 842 1133 864 cuneus
1149 831 1245 863 venit
1260 841 1319 873 per
1334 829 1381 863 vi
1411 866 1415 868 ,

53 890 142 922 quae
159 879 294 922 respicit
310 877 515 921 quercum.M
560 878 609 909 38.
634 877 697 909 Cui
715 876 805 908 dixit
822 875 944 908 Zebul:
971 875 1037 908 Ubi
1066 879 1114 907 est
1141 885 1233 907 nunc
1249 885 1286 906 os
1301 878 1413 908 tuum·

53 934 123 966 quo
139 922 354 965 loquebaris?
377 922 463 960 Quis
479 925 527 954 est
545 919 744 953 Abiinelecli
771 923 809 952 ut
833 919 1023 952 serviamus
1047 919 1100 951 ei?
1124 918 1246 950 Nonne
1262 917 1318 950 hic
1334 928 1393 961 po·
1410 937 1412 945 ι

53 967 108 1000 lus
123 971 182 1006 est,
209 976 311 1008 quem
329 964 558 1008 despiciebas?
583 964 760 1006 Egredere,
787 967 818 996 et
846 974 962 1006 pugna
990 966 1107 995 contra
1133 973 1222 994 eum.
1268 961 1318 994 39.
1342 961 1390 994 A·
1407 969 1417 989 ι·

52 1022 133 1053 ergo
149 1010 246 1047 Gaal,
269 1014 441 1052 spectante
457 1008 687 1041 Siehinioruin
707 1007 843 1050 populo,
859 1011 891 1039 et
908 1006 1077 1049 pugnavit
1093 1010 1210 1038 contra
1226 1003 1377 1038 Abimel·
1391 1020 1398 1033 ι

52 1056 104 1087 40.
128 1054 188 1097 qui
206 1057 400 1096 persecutus
417 1057 465 1085 est
481 1063 558 1085 eum
577 1052 775 1094 fugientem,
792 1055 824 1083 et
840 1051 875 1082 in
895 1050 1012 1082 urbem
1027 1049 1207 1092 compulit:
1232 1048 1344 1082 cecide
1398 1075 1400 1077 .
1419 1088 1423 1089 ⁷

53 1109 121 1141 que
137 1109 178 1130 ex
196 1101 290 1140 parte
307 1097 377 1138 ejus
393 1095 546 1139 plurimi,
563 1106 671 1138 usque
687 1095 730 1126 ad
749 1099 880 1137 portam
898 1094 1060 1126 civitatis:
1107 1094 1157 1125 41.
1181 1096 1214 1125 et
1237 1091 1404 1125 Abimel

52 1141 140 1174 sedit
156 1141 193 1173 in
222 1139 380 1173 Ηῑιιιιῑιῑ37
405 1139 508 1172 Zebul
532 1143 658 1177 autem,
686 1138 781 1176 Gaal,
808 1142 840 1170 et
864 1138 970 1170 socios
996 1137 1067 1179 ejus
1093 1135 1256 1179 expulit³⁸
1277 1135 1319 1168 de
1345 1146 1368 1168 u
1397 1140 1423 1163 ι’

53 1197 116 1218 nec
146 1185 182 1217 in
215 1195 253 1217 ea
283 1195 401 1227 passus
432 1188 480 1216 est
511 1182 724 1215 commorari.
770 1183 820 1214 42.
845 1181 1006 1224 Sequenti
1029 1191 1108 1223 ergo
1139 1180 1194 1212 die
1224 1189 1376 1222 egressus
1399 1194 1422 1215 ι,

53 1229 202 1272 populus
218 1229 253 1260 in
272 1238 443 1270 campum.
490 1227 589 1266 Quod
614 1237 691 1258 curn
710 1225 910 1258 nuntiatum
928 1229 1011 1257 esset
1028 1223 1239 1262 Abimelech,
1283 1223 1335 1255 43.
1407 1234 1410 1242 ¹

53 1273 240 1306 exercitum
269 1282 382 1310 suurn,
409 1275 441 1303 et
468 1270 587 1302 divisit
613 1270 649 1302 in
677 1274 744 1302 tres
770 1274 910 1307 turmas,
942 1268 1085 1300 tendens
1112 1267 1255 1300 insidias
1281 1267 1316 1299 in
1345 1281 1375 1305 ²:

53 1316 254 1359 Vidensque
270 1315 362 1358 quod
379 1315 594 1357 egrederetur
612 1313 760 1356 populus
787 1313 828 1345 de
856 1312 1002 1350 civitate,
1030 1311 1187 1349 surrexit,
1214 1314 1247 1343 et
1273 1309 1375 1343 irruit
1402 1309 1427 1337 ἰ

53 1371 109 1393 eos
153 1360 203 1392 44.
228 1370 306 1392 cum
323 1369 432 1391 cuneo
448 1369 518 1396 suo,
534 1368 748 1400 oppugnans,
775 1361 806 1388 et
832 1356 990 1388 obsidens
1005 1355 1194 1387 civitatem:
1219 1353 1307 1386 duae
1323 1363 1367 1386 au
1391 1361 1432 1388 ει]

53 1409 190 1436 turmae
215 1403 368 1446 palantes
400 1413 458 1445 per
489 1411 648 1444 campum
678 1400 889 1433 adversarios
913 1399 1212 1442 persequebantur.
1258 1397 1310 1430 45.
1334 1397 1383 1430 Po
1411 1416 1426 1441 ⁸.

55 1446 255 1480 Abimelech
285 1446 380 1478 omni
408 1446 463 1478 die
491 1445 550 1478 illo
578 1444 801 1488 oppugnabat
828 1443 962 1476 urbem:
998 1454 1102 1485 quarn
1131 1441 1228 1485 cepit,
1254 1441 1376 1474 interfe

54 1490 307 1524 habitatoribus
337 1490 417 1531 ejus.
449 1490 590 1532 ipsaque
621 1489 800 1526 destructa,
832 1488 879 1519 ita
911 1491 948 1519 ut
977 1487 1026 1519 sal
1059 1487 1094 1518 in
1126 1497 1165 1518 ea
1195 1485 1429 1528 dispergeret.

54 1537 106 1568 46.
130 1534 229 1574 Quod
257 1545 335 1566 cum
353 1533 527 1566 audissent
544 1532 601 1575 qui
621 1531 825 1564 habitabant
843 1531 876 1563 in
895 1535 987 1563 turre
1002 1528 1274 1569 Sicliimorum‚⁴⁰
1296 1529 1357 1571 ing
1382 1543 1404 1556 >1
1429 1561 1431 1564 ⁴

53 1584 135 1611 sunt
151 1579 271 1610 fanum
289 1577 342 1610 dei
360 1577 412 1609 sui
432 1575 586 1613 Berith,⁴¹
611 1575 668 1608 ubi
700 1575 844 1607 foedus⁴²
866 1585 942 1607 cum
973 1585 1010 1606 eo
1039 1573 1249 1616 pepigerant,
1273 1576 1306 1605 et
1329 1582 1372 1605 ex
1406 1587 1428 1599 ι’

55 1623 148 1655 locus
165 1633 290 1654 nomen
308 1625 490 1663 acceperat,
507 1621 566 1663 qui
585 1624 656 1652 erat
673 1619 828 1651 munitus
841 1618 979 1651 valde.⁴²
1012 1618 1062 1650 47.
1088 1616 1287 1649 Abimeleeh
1302 1625 1418 1659 quoqu·

54 1666 200 1699 audiens
227 1665 317 1697 viros
344 1665 449 1696 turris
466 1664 697 1697 Sicliimorum
717 1663 843 1705 pariter
859 1660 1116 1704 conglobatos‚⁴³
1159 1661 1209 1693 48.
1233 1658 1387 1692 ascendit
1402 1658 1412 1667 ⁸

55 1714 206 1742 montem
224 1708 392 1741 Selm0n⁴⁶
415 1719 492 1740 cuni
525 1707 619 1739 omni
653 1706 778 1749 populo
808 1717 882 1738 suo:
908 1710 940 1738 et
966 1709 1100 1747 arrepta
1125 1703 1244 1741 securi,
1274 1702 1423 1746 praeci·

54 1753 184 1786 arboris
216 1763 362 1789 ramum,
393 1751 663 1794 impositumque
694 1751 803 1782 ferens
826 1749 979 1786 humero,
1010 1748 1100 1780 dixit
1124 1747 1166 1780 ad
1194 1747 1313 1780 socios:
1337 1746 1404 1786 Qu·

55 1808 109 1829 me
136 1795 260 1828 videtis
286 1797 402 1834 facere,
427 1796 493 1827 cito
521 1795 627 1827 facite.
673 1795 723 1826 49.
749 1793 860 1836 Igitur
876 1793 1028 1825 certatim
1048 1802 1158 1824 ramos
1189 1791 1232 1824 de
1260 1789 1398 1823 arborib
1419 1794 1434 1819 ι’

54 1839 296 1884 praecidentes,
340 1839 572 1881 sequebantur
611 1838 743 1870 ducem.
798 1837 864 1876 Qui
904 1835 1155 1868 circumdantes
1192 1833 1434 1877 praesidium„

54 1884 317 1917 succenderunt:
341 1888 444 1925 atque
477 1883 522 1914 ita
553 1883 679 1914 factum
712 1884 769 1917 est.
801 1887 838 1913 ut
869 1881 963 1912 fumo
994 1884 1026 1911 et
1057 1880 1136 1922 igne
1163 1878 1259 1911 mille
1283 1877 1422 1921 homin·

55 1932 269 1963 necarentur,
318 1927 382 1958 viri
430 1927 557 1968 pariter
595 1930 626 1958 et
665 1925 834 1963 mulieres,
882 1924 1113 1956 habitatorum
1153 1922 1256 1954 turris
1293 1920 1418 1954 Siche·

54 1973 105 2003 50.
139 1970 338 2003 Abimelech
370 1974 482 2002 autem
517 1969 597 2001 inde
629 1969 842 2011 proficiscens
872 1968 968 1999 venit
998 1966 1040 1999 ad
1072 1966 1237 2009 oppidum
1270 1961 1444 2003 Thebes.

55 2014 146 2058 quod
176 2013 394 2046 circumdans
421 2013 597 2045 obsidebat
621 2012 782 2044 exercitu.
829 2013 878 2043 51.
905 2011 989 2043 Erat
1013 2014 1126 2042 autem
1154 2009 1258 2042 turris
1280 2007 1413 2041 excelsa
1438 2047 1443 2050 Ι

57 2059 92 2091 in
111 2058 224 2090 media
240 2057 388 2094 civitate,
405 2057 448 2089 ad
465 2070 472 2087 ι
490 2067 570 2088 unm
587 2057 811 2097 confugerant
827 2054 930 2087 simul
950 2054 1014 2087 viri
1032 2065 1070 2086 ac
1088 2053 1257 2090 mulieres,
1272 2056 1306 2085 et
1320 2061 1417 2084 omn

57 2102 227 2145 principes
258 2101 417 2139 civitatis,
455 2111 570 2132 causa
602 2099 796 2131 firmissime
822 2099 940 2138 janua,
978 2102 1011 2130 et
1047 2107 1149 2140 super
1178 2096 1283 2128 turris
1311 2099 1438 2130 metm.

55 2151 183 2178 stantes
199 2156 258 2188 per
275 2143 571 2187 propugnaculaff*
615 2145 665 2175 52.
691 2142 932 2185 Accedensque
954 2139 1153 2173 Abirnelech
1178 2140 1277 2182 juxta
1306 2137 1433 2174 turrim,

56 2189 235 2233 pugnabat
251 2188 397 2221 sortiter:
421 2192 454 2219 et
477 2187 760 2230 appropinquans
786 2186 880 2223 ostio,
908 2186 1023 2227 ignem
1046 2194 1236 2227 supponere
1252 2181 1438 2215 nitebatw·

57 2235 108 2265 53.
143 2238 173 2265 ot
202 2243 276 2264 ecce
304 2242 374 2264 una
401 2230 526 2263 mulier
553 2232 707 2273 fragmen
737 2229 846 2262 molae
874 2229 1017 2271 desuper
1039 2228 1179 2270 jaciens.
1213 2223 1426 2269 illisit‘capi

57 2275 270 2313 Abimelech,
287 2279 319 2307 et
335 2275 500 2317 confregit
515 2274 690 2307 cerebrum
708 2273 788 2315 ejus.
835 2273 884 2305 54.
909 2273 976 2311 Qui
997 2271 1133 2304 vocavit
1148 2271 1214 2303 cito
1231 2269 1420 2312 armigeru=

55 2331 169 2357 uuum,
185 2323 217 2352 et
233 2319 281 2351 ait
297 2319 339 2351 ad
357 2329 450 2352 eum:
478 2317 634 2359 Evaginu
661 2317 817 2360 gladium
835 2321 945 2353 tuum,
972 2319 1005 2348 et
1032 2319 1168 2358 percute
1195 2323 1264 2347 me:
1288 2324 1332 2346 ne
1357 2312 1391 2345 fo

55 2364 190 2396 dicatur
206 2362 298 2405 quod
315 2374 335 2395 a
352 2362 481 2394 femina
497 2361 692 2394 interfectus
707 2360 812 2392 si111.⁴⁹
857 2360 923 2399 Qui
946 2360 1041 2402 jussa
1062 2358 1249 2401 perficiens,
1274 2354 1442 2390 interfeci
