1504 2540
1324 87 1381 117 555

10 221 115 253 'zazaez
141 215 299 257 nihilque
316 211 459 245 omnino
476 208 518 241 ad
551 207 656 239 vitam
676 201 849 246 pertinens
867 194 1110 238 relinquebant
1126 191 1162 223 in
1181 186 1296 224 Israel,
1313 195 1382 217 non

10 275 104 301 noves,
134 272 201 293 11011
231 258 352 291 asinos.
399 256 427 287 5.
453 253 522 295 Ipsi
552 250 645 283 enim
678 252 710 279 et
740 242 893 277 universi
918 249 1035 282 greges
1051 245 1170 269 eorum
1198 230 1386 264 veniebant

13 318 72 341 um
104 301 334 338 tabernaculis
372 298 451 336 suis,
490 300 522 328 et
560 295 669 326 instar
706 290 915 322 locustarum
956 283 1117 314 universa
1156 273 1384 318 complebant,

2 359 179 384 [inumera
210 343 398 378 multitudo
430 339 624 375 hominum,
663 339 695 367 et
734 331 954 365 camelorum,
992 321 1163 368 quidquid
1204 319 1387 360 tetigerant

12 395 219 428 levastantes.
266 391 294 420 6.
320 385 606 424 Humiliatusque
631 385 679 412 est
708 375 811 409 Israel
828 371 946 405 valde‘
972 371 1007 402 in
1037 368 1215 408 &inspectu
1236 361 1387 394 Madian.

2 441 26 472 ’.
61 438 106 470 Et
133 433 297 468 clamavit
327 431 370 463 ad
404 428 594 461 Dominum
617 421 792 466 postulans
820 416 992 450 auxilium
1023 415 1140 444 contra
1170 404 1389 440 Madianitas.

13 488 26 515 ἱ.
61 481 128 520 Qui
161 478 255 511 misit
286 475 327 508 ad
361 485 415 506 eos
446 472 559 503 virum
593 462 824 510 1111011110111111,5
859 465 890 492 et
918 459 1050 490 locutus
1082 459 1143 486 est:
1181 452 1274 483 Ilace
1306 447 1388 480 dicit

15 525 172 558 )0minus
189 522 279 554 Deus
298 517 416 551 lsrael:
442 516 514 557 Ego
542 524 602 545 vos
627 510 687 543 feci
713 504 936 541 conscendere
962 501 1003 533 de
1032 500 1197 540 Aegypto,
1226 498 1257 526 et
1285 490 1390 524 eduxi

4 581 60 602 'os
91 568 131 600 de
163 566 265 598 domo
295 560 479 597 servitutis
524 559 553 589 9.
592 560 625 587 ct
663 550 807 585 liberavi
847 548 887 580 de
927 555 1033 577 manu
1066 539 1328 583 Aegyptiorum,
1359 538 1391 566 et

4 612 160 645 ›mniuin
189 608 421 643 inimieorum,
449 602 509 645 qui
538 598 737 641 affligebant
763 605 834 627 vos:
871 590 1021 632 ejecique
1049 597 1102 618 cos
1134 584 1177 616 ad
1209 580 1392 614 introitum

5 661 165 695 restrum,
193 657 225 685 et
252 650 378 683 tradidi
408 647 503 680 vobis
531 650 657 676 terram
686 649 814 672 eorum.
862 637 910 667 io.
936 633 979 665 Et
1007 631 1095 663 dixi:
1121 629 1193 669 Ego
1223 623 1394 657 Dominus

16 701 97 733 )eus
114 701 232 735 vester,
249 706 290 727 ne
307 692 456 725 timeatis
473 690 551 721 deos
570 684 872 719 Amorrhaeorum,
896 678 932 710 in
950 685 1097 719 quorum
1116 677 1205 704 terra
1222 666 1395 701 habitatis.

6 745 51 777 [Et
67 741 226 775 noluistis
253 738 372 771 audire
401 744 517 767 vocem
547 741 668 763 meam.
716 728 764 759 11.
790 723 896 756 Venit
923 725 1035 753 autem
1057 715 1210 757 Angelus
1228 708 1397 747 Domini,‘¹

17 793 40 821 >t
55 787 141 820 sedit
158 784 220 816 sub
238 792 376 825 quercu,
404 789 492 821 quae
520 780 591 808 erat
619 775 654 805 in
672 768 818 813 Ephra‚⁷
842 772 873 799 et
901 762 1093 808 pertinebat
1109 759 1151 792 ad
1169 758 1248 790 Joas
1265 759 1395 798 patrem

17 830 160 865 'amiliae
178 827 283 860 ΕΖ1-1.5
328 825 485 865 Cumque
513 819 651 851 (jedeon
680 815 772 847 tilius
805 812 876 853 ejus
903 810 1075 841 exenteret
1105 808 1208 845 atque
1235 800 1397 842 purgaret

18 877 182 908 'tumenta
210 872 245 903 in
273 865 463 904 torciilari‚⁹
498 868 536 896 ut
564 864 694 903 fugeret
723 856 874 890 Madian.
922 853 970 884 12.
996 848 1157 892 apparuit
1185 845 1214 877 ei
1244 840 1398 884 Angelus

8 917 162 955 Domini,
189 920 221 948 et
248 914 309 946 ait:
336 911 506 944 Dominus
533 912 645 939 tecum
656 904 675 920 ¹⁰
701 902 852 934 virorum
882 892 1099 929 fortissime.¹¹
1149 890 1197 921 13.
1232 887 1399 927 Dixitque

19 963 42 996 3i
73 961 225 994 Gedeon:
266 957 411 990 Obsecro
449 953 497 984 nii
538 949 695 984 Domine,
734 946 759 976 si
801 941 972 975 Dominus
1006 937 1185 969 nobiscum
1217 929 1303 969 est‚¹²
1341 938 1402 960 cur

19 1003 316 1049 {pprelicnderunt
344 1010 404 1031 nos
432 997 514 1029 haec
541 992 679 1026 omnia?
704 989 762 1021 ubi
786 991 867 1019 sunt
883 981 1057 1016 mirabilia
1075 980 1155 1021 ejus,
1183 986 1270 1018 quae
1287 983 1403 1005 narra-

11 1052 139 1082 verunt
155 1051 265 1090 patres
282 1043 399 1081 nostri,
423 1045 525 1082 atque
543 1038 720 1070 dixerunt:
747 1032 796 1064 De
824 1031 980 1070 Aegypto
997 1024 1117 1057 eduxit
1135 1033 1195 1054 nos
1213 1015 1404 1051 Dominus?

19 1094 116 1126 Nunc·
147 1095 262 1124 autem
295 1085 478 1127 dereliquit
509 1094 570 1114 nos
602 1078 780 1113 Dominus,
812 1079 844 1106 et
874 1070 1018 1104 tradidit
1049 1069 1085 1099 111
1118 1075 1224 1097 manu
1253 1060 1406 1094 Madian.

21 1139 67 1170 14.
92 1135 323 1178 Respexitque
352 1130 393 1162 ad
423 1139 502 1160 eum
532 1120 740 1158 Duininus,¹3
768 1123 799 1151 et
827 1118 888 1149 ait:
924 1114 1019 1147 Vade
1047 1113 1084 1143 in
1112 1110 1177 1141 liae
1204 1103 1406 1139 fortitudine

11 1180 116 1221 tua,¹⁴
150 1183 183 1211 et
213 1175 375 1209 liberabis
404 1171 507 1205 Israel
537 1170 577 1201 de
606 1177 712 1199 manu
742 1162 898 1195 Madian:
927 1158 1010 1190 seito
1038 1154 1129 1197 quod
1158 1150 1310 1184 miserim
1339 1145 1409 1179 te.¹⁵

21 1227 70 1258 15.
95 1223 162 1262 Qui
189 1219 397 1263 respondens
425 1217 485 1248 ait:
513 1214 657 1246 Obsecro
686 1209 732 1240 mi
764 1205 920 1241 Domine,
949 1202 985 1233 in
1014 1211 1082 1242 quo
1110 1195 1262 1229 liberabo
1283 1190 1410 1224 Israel?

12 1280 94 1302 ecee
108 1266 240 1299 familia
257 1274 332 1295 mea
350 1261 471 1293 infima
487 1263 535 1290 est
553 1257 588 1288 in
608 1255 772 1289 Manasse,
800 1254 831 1281 et
859 1258 920 1289 ego
948 1244 1115 1277 minimus
1133 1241 1167 1272 in
1187 1239 1287 1271 domo
1307 1234 1411 1278 patris

22 1310 128 1345 mei.¹⁶
175 1311 223 1341 16.
249 1306 414 1348 Dixitque
431 1304 458 1335 ei
480 1300 664 1334 Dominus:
690 1297 762 1337 Ego
779 1305 835 1325 ero
852 1288 1008 1324 teeumz¹⁷
1033 1292 1064 1319 et
1086 1283 1252 1327 percuties
1269 1278 1410 1312 Madian

22 1355 121 1399 quasi
138 1364 249 1386 unum
269 1352 392 1383 virum.
440 1348 488 1379 17.
515 1346 557 1376 Et
573 1343 640 1381 ille,
657 1341 691 1373 Si
710 1337 839 1373 inveni,
865 1333 989 1376 inquit,
1015 1330 1160 1373 gratiam
1180 1336 1292 1359 eoram
1310 1328 1352 1362 te,
1369 1321 1414 1353 da

24 1400 112 1433 mihi
130 1398 269 1439 signum
279 1394 299 1411 ¹³
322 1392 414 1436 quod
442 1395 478 1422 tu
508 1389 552 1420 sis
569 1387 629 1429 qui
646 1383 795 1426 loqueris
812 1380 854 1412 ad
873 1376 965 1410 ine.¹⁹
1012 1378 1060 1407 13.
1087 1373 1154 1405 Nee
1170 1369 1306 1402 recedas
1322 1366 1416 1402 hinc,

14 1442 132 1477 donec
172 1443 320 1473 revertar
358 1436 401 1468 ad
440 1439 481 1471 te,
520 1436 658 1474 portans
696 1424 912 1459 sacrificium,
950 1425 983 1453 et
1021 1419 1164 1451 offerens
1201 1411 1303 1446 tibi.²⁰
1348 1409 1416 1448 Qui

27 1485 215 1530 respondit:
241 1483 312 1524 Ego
340 1477 571 1523 praestolabor
599 1474 788 1506 adventum
810 1473 920 1500 tuum.
968 1464 1016 1495 19.
1043 1462 1219 1502 Ingressus
1235 1460 1284 1488 est
1300 1455 1418 1495 itaque

16 1531 177 1568 Gedeon,
193 1532 226 1560 et
242 1526 333 1559 coxit
351 1523 511 1559 hoedum,
527 1524 559 1552 et
576 1518 617 1549 de
634 1516 764 1548 farinae
783 1511 896 1543 modio
910 1501 1206 1550 ἓ1Ζγ11105.Ρ111105ῑ21
1231 1507 1419 1539 carnesque

29 1584 160 1619 ponens
177 1573 213 1604 in
231 1570 388 1606 canistro,
416 1571 448 1598 et
470 1565 526 1607 jus
554 1558 741 1594 (“1’11“1111111122
765 1557 904 1588 mittens
921 1553 957 1584 in
975 1550 1091 1585 ollam,
1119 1546 1199 1579 tulit
1223 1543 1341 1577 omnia
1357 1539 1420 1572 sub

494 1609 544 1639 00.
569 1605 631 1637 Cui
661 1603 750 1635 dixit
780 1598 933 1639 Angelus
962 1592 1117 1626 Domini:
1142 1589 1238 1622 Tolle
1255 1595 1373 1619 earnes
1390 1588 1422 1615 et

29 1628 169 1662 quercu,
196 1619 229 1647 et
255 1612 381 1646 obtulit
409 1610 447 1642 ei.
496 1631 512 1640 ,1

31 1671 169 1705 azymos
196 1669 310 1702 panes,
341 1660 374 1688 et.
405 1664 492 1697 pone
523 1661 625 1692 supra
657 1651 787 1689 petram
822 1642 928 1678 illam,
960 1643 991 1671 et
1019 1638 1074 1679 jus
1106 1635 1250 1675 desuper
1281 1626 1426 1678 funde.²³

34 1707 191 1747 Cumque
207 1702 337 1734 fecisset
362 1700 419 1735 ita,
465 1697 515 1728 21.
540 1692 695 1726 extendit
715 1687 869 1730 Angelus
888 1682 1028 1716 Domini
1045 1678 1280 1712 summitatem
1298 1681 1426 1714 Virgae,

18 1747 19 1756 ¹
35 1759 140 1793 quam
159 1746 293 1779 tenebat
311 1744 346 1776 in
365 1752 482 1779 manu,
500 1743 531 1771 et
547 1736 659 1778 tetigit
676 1731 821 1766 carnes²⁴
845 1733 876 1761 et
904 1737 1008 1770 panes
1029 1733 1179 1766 azymos:
1206 1717 1427 1757 ascenditque

18 1831 20 1838 .
37 1793 128 1831 ienis
144 1792 185 1823 de
202 1794 306 1833 petra,
334 1791 366 1819 et
392 1795 519 1821 carnes,
547 1788 752 1823 azymosque
768 1784 872 1818 panes
889 1768 1114 1810 consumpsit:
1140 1763 1295 1806 Angelus
1311 1764 1426 1793 autem

39 1835 181 1870 Domini
212 1831 355 1866 evanuit
385 1840 426 1862 ex
459 1826 566 1860 oculis
597 1824 676 1865 ejus.
724 1821 773 1852 22.
812 1816 1013 1856 Vidensque
1045 1810 1181 1843 Gedeon
1214 1805 1306 1849 quod
1346 1805 1430 1835 esset

8 1879 195 1923 yAngelus
227 1874 377 1913 Domini,
408 1873 470 1905 ait:
511 1870 589 1901 Heu
621 1867 669 1899 mi
704 1863 850 1896 Domine
892 1860 993 1891 Deus:
1034 1855 1117 1898 quia
1148 1851 1220 1884 vidi
1253 1846 1428 1890 Angelum

20 1923 183 1957 Domini
211 1920 295 1954 facie
322 1918 365 1950 ad
391 1913 551 1948 facie1n.'²³''
597 1912 646 1943 23.
673 1908 838 1948 Dixitque
866 1904 895 1935 ei
926 1900 1108 1934 Dominus:
1135 1897 1207 1928 Pax
1235 1898 1362 1926 tecum:
1388 1900 1431 1921 ne

21 1971 23 2009 ]
41 1969 172 2003 timeas,
200 1975 268 1997 11011
298 1960 460 1994 morieris
507 1958 557 1989 ⁴24.
583 1951 789 1988 Aedifieavit
805 1959 884 1990 ergo
900 1946 947 1978 ibi
965 1944 1103 1976 Gedeon
1121 1941 1227 1973 altare
1245 1931 1433 1972 Ῑ)01111110,26

22 2010 246 2051 vocavitque
274 2005 372 2043 illud,
405 2001 545 2036 Domini
577 2010 655 2041 pax.
688 2006 795 2037 usque
822 1993 859 2024 111
888 1992 1099 2033 praesentem
1128 1984 1229 2016 diem.
1276 1981 1433 2019 Cumque

22 2055 158 2088 adhue
189 2055 271 2085 esset
304 2051 339 2082 111
373 2047 499 2090 Ephra,
530 2054 618 2086 quae
649 2044 697 2073 est
728 2036 879 2070 familiae
910 2032 998 2070 Ezri,
1044 2031 1093 2062 25.
1128 2032 1224 2059 nocte
1252 2024 1312 2055 illa
1343 2021 1434 2053 dixit

47 2097 217 2131 Dominus
234 2095 277 2127 ad
295 2103 388 2126 eum:
412 2089 509 2123 Tolle
526 2093 663 2120 taurum
682 2082 788 2126 patris
805 2080 866 2118 tui,
894 2081 923 2110 et
942 2076 1088 2109 alterum
1105 2077 1244 2104 taurum
1263 2074 1435 2099 annorum

39 2145 187 2185 septem,
204 2139 422 2178 destruesque
440 2143 533 2165 aram
554 2129 646 2166 Baal,
663 2138 751 2170 quae
769 2129 817 2157 est
834 2121 939 2165 patris
951 2119 1017 2152 tui:
1042 2122 1075 2150 et
1092 2125 1222 2151 nemus
1239 2110 1330 2153 quod
1348 2108 1438 2140 circa

24 2218 25 2222 ,
49 2196 146 2219 aram
163 2187 220 2220 est.
248 2180 396 2214 succide:
444 2178 493 2209 26.
519 2179 550 2207 et
578 2170 773 2206 aedificabis
790 2168 896 2200 altare
914 2163 1063 2196 Domino
1081 2161 1150 2192 Deo
1167 2161 1226 2189 tuo
1244 2156 1279 2187 in
1297 2151 1440 2185 summi-

24 2227 27 2273 ’1
49 2233 119 2262 tato
150 2231 263 2270 petrae
295 2224 408 2264 hujus,
447 2230 547 2262 super
585 2226 689 2259 quam
726 2216 804 2245 ante
842 2207 1048 2241 sacrificium
1081 2200 1236 2246 posuisti:
1275 2196 1441 2237 tollesque

52 2277 192 2306 taurum
224 2267 424 2302 seeundum,
455 2269 487 2296 et
518 2262 635 2294 offeres
667 2251 933 2290 holocaustum²⁷
966 2260 1067 2292 super
1095 2251 1221 2278 struem
1254 2242 1442 2283 lignorum,

26 2330 27 2355 ;
54 2327 143 2360 quae
159 2315 200 2346 de
217 2322 355 2345 nemore
372 2306 563 2341 succideris.
610 2304 659 2336 27.
684 2298 880 2340 Assumptis
907 2306 986 2337 ergo
1014 2292 1151 2324 Gedeon
1169 2288 1284 2320 decem
1302 2283 1386 2316 viris
1403 2281 1444 2313 de

56 2359 162 2393 servis
178 2358 257 2394 suis,
285 2355 363 2387 feeit
381 2353 469 2385 sieut
484 2349 701 2393 praeceperat
727 2344 757 2376 ei
787 2340 965 2374 Dominus.
1012 2336 1152 2368 Timens
1169 2335 1284 2364 autem
1301 2328 1444 2359 domum

26 2423 28 2427 >
58 2402 165 2448 patris
191 2401 254 2440 sui,
282 2403 314 2432 et
341 2396 499 2430 homines
525 2392 621 2425 illius
649 2387 808 2426 civitatis,
839 2395 898 2428 per
923 2382 1014 2414 diem
1041 2377 1153 2411 noluit
1179 2374 1212 2407 id
1245 2373 1362 2411 facere,
1389 2368 1447 2401 sed
