1504 2540
83 115 141 145 464

85 223 153 245 non
171 210 397 244 declinaveris
413 210 456 243 ab
472 210 520 243 eis
537 220 598 242 nec
625 209 667 242 ad
696 209 884 248 dexteram,
911 219 973 241 nec
997 207 1039 240 nd
1056 207 1242 244 sinistram.
1257 216 1319 239 nec
1341 206 1435 239 seen?

86 256 190 288 fueris
216 255 295 287 deos
322 254 461 292 alienos,
493 264 604 296 nequo
631 253 775 285 colueris
801 263 865 285 eos.
913 253 961 284 15.
997 251 1096 291 Quod
1123 251 1150 283 si
1179 250 1299 283 audire
1326 248 1430 283 nolu·

86 310 202 331 vocem
234 298 372 330 Domini
405 298 465 330 Dei
494 298 556 336 tui,
584 304 622 329 ut
648 296 828 335 custodias,
855 300 888 328 et
912 295 1015 327 facias
1042 295 1160 326 omnia
1177 293 1340 326 mundata
1356 292 1430 336 eju*-

85 343 303 380 ceremonias,
342 353 428 384 quas
457 352 518 383 ego
550 340 719 383 praecipio
751 340 812 372 tibi
846 339 958 378 hodie,
997 339 1136 370 venient
1165 348 1266 380 super
1296 342 1328 369 te
1357 347 1405 369 on·
1424 353 1435 376 ιθ

86 386 344 419 maledictiones
362 387 452 424 istae,
480 389 512 417 et
527 384 788 427 apprehendent
814 388 854 415 te.
903 384 951 415 113.
976 382 1179 414 Maledictus
1195 381 1260 413 eris
1277 380 1311 413 in
1329 379 1421 414 civi·

87 429 291 463 maledictus
322 429 357 461 in
389 440 479 471 agi-o.
534 430 582 461 17.
623 427 845 460 Maledictum
878 426 1038 459 horreum
1071 430 1182 464 tuum,
1212 429 1246 457 et
1276 422 1439 463 maledi

87 473 253 516 reliquiae
281 472 386 505 tuae.B
434 474 480 504 18.
517 471 720 504 Maledictus
747 471 876 503 fruetus
904 470 1034 502 ventris
1064 469 1125 507 tui,
1155 473 1189 501 et
1219 468 1349 500 fructus
1390 482 1395 486 ·

86 523 175 556 tuae,
191 521 347 549 armenta
364 516 467 548 boum
497 520 645 553 tuorum,
673 519 705 547 ct
731 526 848 557 greges
869 515 987 546 ovium
1007 518 1154 545 tuarum.
1203 514 1251 544 19.
1277 510 1436 544 Malediw

87 562 152 594 eris
169 560 376 603 ingrediens‘.
403 564 435 592 et
463 559 666 591 maledictus
693 559 878 599 egrediens.
925 558 974 590 20.
1000 557 1113 589 Mittet
1141 555 1310 588 Dominus
1329 561 1433 630 sutpffi‘

86 605 211 637 samem
229 609 262 636 et
277 603 452 643 esuriem‚⁹
475 608 507 635 et
527 603 795 645 increpationem
814 602 849 634 in
867 601 985 633 omnia
1001 612 1103 643 opera
1121 604 1188 638 tua,
1205 609 1293 642 quae
1308 602 1345 631 tu
1375 597 1441 631 aei*

85 649 194 681 donec
209 652 362 680 conterat
379 652 419 686 te,
435 651 467 679 et
484 647 603 690 perdat·
619 646 788 684 velociter,
805 650 942 688 propter
954 644 1217 677 adinventiones
1230 647 1305 674 tuas
1317 641 1441 684 pessi-⁴

86 693 124 725 in
152 691 279 735 quibus
310 691 480 733 reliquisti
519 702 583 723 me.
629 691 679 722 21.
719 690 898 731 Adjnngat
936 688 997 720 tibi
1038 687 1208 720 Dominus
1240 684 1444 729 pestilenti

86 735 195 769 donec
233 740 413 767 consumat
451 739 482 767 te
521 734 562 766 de
601 738 700 772 terra,
747 733 789 765 ad
838 744 943 775 quam
989 731 1192 773 ingredieris
1229 728 1444 772 possidend

87 780 138 812 22.
163 780 336 812 Porcutiat
352 784 383 810 te
402 778 571 810 Dominus
596 777 782 819 egest·1te,¹⁰
806 776 890 809 febri
907 781 940 808 et
956 774 1118 817 frigore,¹¹
1143 774 1263 807 ardore
1279 777 1312 806 et
1327 775 1438 813 aestuffi

87 826 163 856 aere
194 822 385 865 corrupt0¹²
422 833 460 854 ac
492 820 690 864 rubigine,¹³
727 825 760 853 et
790 824 1013 863 persequatur
1043 819 1150 851 donec
1166 827 1290 861 pereas.
1336 816 1386 849 23.

87 866 232 905 caelum,
263 866 354 909 quod
386 876 489 908 supra
521 870 552 898 te
583 870 640 903 est,
671 875 832 898 aeneum:
871 868 902 896 et
942 868 1040 902 terra,
1078 873 1182 905 quam
1215 861 1334 899 calcas,
1364 859 1389 892 f·
1443 899 1445 902 ι

88 911 139 943 24.
165 910 229 943 Det
246 910 416 942 Dominus
433 909 576 942 imbrem
597 913 705 942 terrae
732 915 811 940 tuae
838 907 1026 950 pulverem,
1053 910 1086 938 et
1112 906 1154 938 de
1181 904 1273 937 caelo
1299 903 1411 936 dese·

88 965 190 997 super
206 959 238 986 te
255 954 351 992 cinis,
373 953 480 985 donec
497 953 690 985 conteraris.
737 953 787 984 25.
811 951 940 984 Tradat
957 957 988 983 te
1006 951 1176 982 Dominus
1191 951 1385 981 currentem

89 998 201 1030 hostes
218 1002 307 1035 tu0s;
335 1008 392 1040 per
409 1008 513 1029 unam
534 997 626 1028 viam
644 996 829 1037 egrediaris
845 1000 963 1027 contra
979 1005 1043 1031 eos.
1070 998 1102 1026 et
1129 1004 1188 1036 per
1213 996 1341 1035 septem
1360 991 1430 1029 fu*

89 1047 121 1074 et
138 1042 345 1084 dispergaris
373 1052 432 1083 per
459 1041 577 1072 omnia
605 1051 710 1080 regna
738 1038 889 1077 ter'1·ae;¹⁴
935 1039 985 1070 26.
1010 1039 1122 1080 sitque
1149 1036 1295 1069 cadaver
1321 1038 1448 1072 tuumg

89 1097 199 1118 escam
218 1086 350 1118 eunctis
369 1084 568 1117 volatilibus
585 1084 679 1120 caeli.
706 1088 739 1116 et
766 1083 881 1115 bestiis
908 1086 1026 1120 terrae,
1053 1086 1086 1114 et
1113 1091 1181 1112 non
1209 1080 1254 1112 sit
1279 1078 1340 1122 qui
1357 1077 1437 1111 ab'

91 1130 141 1162 27.
178 1129 351 1162 Percutiat
382 1133 412 1161 te
446 1128 616 1160 Dominus
647 1127 759 1159 ulcere
791 1125 979 1169 Aegypti,¹⁵
1012 1130 1045 1158 et
1075 1129 1207 1167 partem
1235 1122 1393 1165 corporis,
1431 1138 1437 1150 ν

90 1184 196 1216 quam
224 1177 370 1205 stercora
397 1170 623 1212 egeruntur,¹6
645 1171 756 1203 scabie
782 1181 919 1213 quoque
947 1173 978 1202 et
1006 1168 1199 1212 prurigine:
1232 1167 1280 1199 ita
1307 1169 1346 1199 ut
1369 1170 1448 1199 οιι

91 1227 249 1260 nequeas,
296 1217 346 1249 28.
383 1216 556 1248 percutiat
586 1220 618 1248 te
650 1215 819 1247 Dominus
847 1214 999 1246 amentia
1030 1217 1063 1245 et
1092 1209 1279 1245 caecitate¹⁷
1305 1220 1345 1242 ac
1370 1209 1408 1242 fu
1433 1224 1437 1235 =

91 1261 226 1300 mentis,
273 1261 322 1292 29.
347 1264 379 1292 et
406 1260 522 1302 palpes
547 1260 583 1291 in
612 1259 755 1291 meridie
779 1259 867 1290 sicut
884 1257 1023 1300 palpare
1039 1256 1123 1288 solet
1139 1265 1256 1288 caecus
1272 1254 1309 1286 in
1325 1257 1447 1286 tene

91 1310 125 1337 et
142 1315 211 1337 non
240 1304 369 1345 dirigas
396 1304 469 1336 vias
496 1308 582 1335 tuas.
629 1303 803 1345 Omnique
830 1307 982 1344 tempore
1009 1300 1220 1333 calumniam
1249 1297 1434 1338 sustineam·

92 1360 112 1381 o
139 1348 299 1391 primoris
316 1347 490 1386 violentia,
517 1358 577 1379 nee
594 1346 720 1379 habeas
737 1346 795 1388 qui
814 1345 934 1377 liberet
949 1349 990 1377 te.
1037 1345 1086 1376 30.
1112 1343 1263 1376 Uxorem
1280 1339 1401 1384 accipi
1416 1355 1443 1381 iv

92 1403 113 1425 a
129 1393 182 1424 ius
192 1392 339 1423 dormiat
352 1402 428 1423 cum
447 1390 525 1423 ea.¹⁸
563 1390 700 1422 Plantes
716 1390 866 1427 vineam,
882 1393 915 1421 et
931 1400 1000 1421 non
1017 1387 1208 1420 vindemies
1221 1395 1306 1418 eam.
1337 1384 1388 1417 31.
1430 1388 1435 1406 “-“

92 1441 173 1469 tuus
190 1435 388 1467 immoletur
415 1445 528 1467 eoram
546 1439 588 1473 te,
603 1438 637 1466 ct
653 1445 720 1466 non
739 1433 896 1465 eomedas
923 1444 965 1465 ex
992 1443 1039 1464 eo.
1087 1431 1214 1463 Asinus
1230 1434 1309 1461 tuus
1330 1427 1442 1472 rapi-4.

94 1481 130 1512 in
147 1483 328 1522 conspectu
346 1483 414 1517 tuo,
441 1483 474 1510 et
501 1489 570 1510 non
599 1478 763 1510 reddatur
779 1477 852 1509 tibi.
899 1477 988 1509 Oves
1003 1480 1082 1508 tuae
1099 1474 1224 1506 dentur
1240 1471 1392 1504 inimicis
1416 1471 1444 1499 ῑῗῖ

94 1529 128 1556 et
144 1534 212 1556 non
241 1523 286 1555 sit
312 1523 371 1565 qui
401 1527 432 1554 te
460 1522 608 1563 adjuvet.
656 1522 706 1554 32.
732 1521 812 1553 Filii
841 1521 890 1552 tui
920 1524 952 1552 et
978 1519 1069 1552 filiae
1094 1522 1173 1550 tuae.
1188 1516 1371 1550 tradantur
1385 1510 1439 1551 al„

94 1567 222 1610 populo
238 1566 437 1599 videntibus
453 1566 561 1598 oculis
577 1565 655 1604 tuis,
682 1569 714 1597 et
731 1564 969 1597 deficientibus
985 1563 1028 1595 ad
1045 1565 1263 1604 conspectum
1280 1569 1399 1592 eorum
1423 1561 1439 1596 χῖ

93 1611 159 1650 die,
175 1615 205 1643 et
225 1621 293 1642 non
310 1611 354 1642 sit
370 1609 534 1642 fortitudo
551 1610 587 1641 in
606 1620 711 1641 manu
730 1613 797 1641 tua.
845 1609 894 1640 33.
921 1608 1066 1640 Fructus
1082 1610 1190 1638 terrae
1207 1608 1295 1643 tuae,
1319 1606 1352 1636 et
1367 1613 1426 1639 οι·->

94 1654 226 1687 labores
242 1658 317 1686 tuos
334 1653 490 1686 comedat
505 1653 663 1696 populus,
691 1663 793 1695 quem
811 1652 963 1692 ignoras:
987 1655 1020 1683 et
1045 1651 1090 1682 sis
1117 1659 1250 1691 semper
1273 1646 1423 1683 calum-s,

93 1699 276 1736 sustinens,
307 1701 339 1730 et
369 1708 548 1740 oppressus
579 1697 711 1729 cunctis
745 1696 875 1733 diebus,
921 1696 971 1727 34.
1009 1698 1040 1726 et
1079 1698 1219 1736 stupens
1249 1691 1291 1724 ad
1322 1695 1375 1723 ter
1398 1704 1431 1725 ωε.

95 1753 213 1775 eorum
253 1752 341 1784 quae
379 1741 549 1773 videbunt
586 1740 675 1772 oculi
715 1740 776 1772 tui.
822 1740 872 1771 35.
898 1738 1070 1771 Pereutiat
1107 1742 1139 1769 te
1178 1735 1348 1768 Dominus
1372 1737 1427 1766 u'

95 1786 242 1829 pessimo
258 1786 293 1817 in
311 1784 457 1827 genibus
473 1790 505 1817 et
521 1785 558 1816 in
575 1785 672 1822 suris,
688 1783 872 1825 sanarique
890 1793 957 1814 non
976 1781 1081 1825 possis
1096 1791 1117 1813 a
1133 1779 1249 1823 planta
1268 1777 1364 1822 pedis

95 1829 138 1862 ad
166 1830 327 1862 verticem
359 1833 468 1860 tuum.
516 1829 565 1860 36.
602 1828 709 1860 Ducet
738 1831 770 1859 te
803 1827 982 1865 Dominus,
1013 1830 1045 1857 et
1076 1834 1189 1866 regem
1220 1819 1361 1860 tuum‚¹⁹
1382 1830 1434 1865 ς»,

96 1873 312 1906 constitueris
325 1883 426 1915 super
442 1876 483 1910 te,
500 1872 536 1904 in
554 1875 701 1913 gentem,
718 1881 822 1914 qnam
842 1870 979 1911 ignoras
995 1873 1032 1901 tu
1050 1873 1082 1900 ct
1098 1872 1209 1910 patres
1226 1866 1291 1899 tui:
1315 1868 1348 1898 et
1362 1874 1398 1898 se
1414 1882 1429 1904 v,

96 1917 145 1950 ibi
162 1917 229 1949 diis
245 1916 376 1953 alienis,
405 1916 500 1957 ligno
527 1920 559 1948 et
586 1915 704 1958 lapidi.
750 1916 800 1947 37.
826 1914 870 1946 Et
896 1913 961 1945 eris
988 1912 1142 1955 perditus
1158 1911 1195 1943 in
1211 1907 1421 1953 proverbiu

96 1960 251 1993 fabulam
279 1959 442 1992 omnibus
469 1959 615 2002 populis,
640 1958 683 1991 ad
712 1969 796 2000 quos
825 1962 856 1990 te
883 1956 1116 1989 introduxerit
1136 1954 1314 1987 Dominus.
1359 1951 1410 1985 38.
1433 1988 1437 1991 ,

97 2008 248 2037 mentem
281 2003 428 2036 multam
455 2003 560 2043 jacies
599 2003 636 2034 in
676 2007 813 2039 terram,
853 2005 886 2033 et
926 2000 1100 2032 modicum
1132 1996 1367 2040 congregabis:
1412 2007 1433 2040 ιι

98 2048 246 2080 locustae
263 2047 478 2080 devorabunt
494 2047 621 2078 onmia.
667 2046 718 2078 39.
743 2045 891 2077 Vineam
909 2043 1092 2087 plantabiS,
1116 2047 1149 2074 ct
1164 2041 1284 2073 fodies:
1308 2043 1341 2073 et
1374 2049 1437 2076 vn„

97 2103 167 2124 non
185 2091 290 2130 bibes,
317 2102 378 2123 nec
405 2090 542 2131 colliges
569 2101 611 2122 ex
639 2100 678 2121 ea
694 2089 890 2132 quippiam:
915 2087 1081 2130 quoniam
1099 2085 1290 2118 vastabitur
1306 2080 1435 2116 vermi

97 2136 148 2168 40.
174 2135 293 2169 Olivas
310 2133 452 2167 habebis
469 2133 504 2166 in
532 2133 694 2165 omnibns
710 2132 867 2165 terminis
884 2131 961 2171 tuis,
987 2135 1021 2163 et
1048 2141 1116 2162 non
1140 2128 1279 2171 ungeris
1295 2126 1382 2160 oleo:
1412 2128 1438 2170 gis,

98 2179 260 2217 defluent,
287 2183 320 2211 et
346 2177 517 2221 peribunt.
563 2178 614 2209 41.
642 2177 747 2209 Filios
763 2175 942 2218 generabis
966 2179 999 2207 et
1016 2173 1113 2210 filias,
1129 2176 1162 2205 et
1178 2182 1247 2204 non
1275 2168 1414 2216 frueris⁴

98 2222 264 2266 quoniam
282 2222 452 2255 ducentur
479 2221 515 2253 in
543 2221 788 2263 captivitatem.
835 2219 886 2251 42.
911 2218 1038 2251 Omnes
1065 2216 1200 2250 arbores
1217 2219 1293 2248 tuas
1319 2217 1352 2247 et
1386 2221 1393 2241 '-

98 2271 207 2299 terrae
224 2272 302 2299 tuae
320 2265 441 2307 rubigo
457 2263 672 2297 consumet.²¹'
716 2264 767 2295 43.
792 2262 948 2300 Advene,
964 2261 1023 2304 qui
1041 2265 1153 2293 tecum
1168 2262 1323 2292 versatur
1337 2257 1375 2290 in
1399 2272 1404 2278 -
1428 2261 1430 2263 ’

99 2309 260 2344 ascendet
288 2320 390 2352 super
419 2313 461 2347 te,
492 2307 624 2350 eritque
654 2305 879 2339 sublimiorz²¹
918 2310 954 2338 tu
989 2309 1103 2337 nutem
1136 2301 1326 2342 descendes,
1363 2303 1439 2336 etr,

100 2354 250 2387 inferior.
295 2354 346 2386 44.
371 2352 448 2395 Ipse
464 2350 653 2384 foenerabit
667 2350 742 2389 tibi,
768 2353 801 2382 et
828 2355 864 2382 tu
894 2360 963 2381 non
980 2346 1170 2380 foenerabis
1195 2346 1236 2379 ei.
1282 2344 1359 2388 Ipse
1381 2358 1436 2394 ³¹2>

100 2401 212 2440 caput,
239 2400 273 2430 et
298 2400 336 2429 tu
363 2396 429 2429 eris
456 2395 492 2428 in
521 2393 677 2428 caudam.
724 2394 775 2426 45.
800 2393 844 2426 Et
871 2393 1012 2426 venient
1035 2401 1136 2435 super
1151 2393 1184 2423 te
1199 2398 1318 2423 omnes
1333 2397 1378 2421 m
1400 2403 1404 2414 ι
