1541 2540
1327 56 1383 85 587

11 187 208 223 tonsiderate
224 187 360 216 terram.
406 178 473 218 Qui
503 186 581 209 cum
598 175 777 217 pergentes
794 167 966 201 venissent
983 164 1019 196 in
1037 163 1188 194 montem
1208 153 1388 199 Ephraim,

12 239 31 266 et
61 232 244 265 intrassent
275 226 417 258 domum
456 220 599 257 Michae,
638 216 881 259 requieverunt
920 209 983 241 ibi:
1031 207 1058 238 3.
1098 209 1130 236 et
1168 202 1388 241 agnoscentes

13 286 117 310 yocem
145 269 367 306 adolescentis
396 263 562 302 Levitae‚²
585 265 787 301 utentesque
814 255 908 287 illius
936 248 1132 284 diversorio,
1160 246 1323 277 dixerunt
1345 240 1388 273 ad

13 331 95 353 sum:
120 317 204 357 Quis
221 319 252 347 te
270 314 337 345 linc
354 309 522 343 adduxit?
547 306 631 349 quid
658 304 715 335 liic
731 301 824 343 agis‘!
849 307 954 341 quam
972 295 1014 327 ob
1032 301 1170 325 causam
1188 289 1255 320 huc
1272 285 1388 318 venire

14 362 164 397 foluisti‘?
209 360 237 391 4.
262 357 328 396 Qui
348 353 522 396 respondit
538 351 598 382 eis:
626 349 729 384 Haec,
757 349 790 377 et
811 344 893 375 haec
912 337 1079 382 praestitit
1096 333 1182 366 mihi
1202 330 1343 367 Michas,
1360 332 1392 360 et

16 419 59 440 ne
75 403 229 438 mercede
246 399 413 434 conduxit
429 401 467 428 ut
483 396 547 427 sim
565 394 595 425 ei
623 390 785 424 sacerdos.
832 388 860 418 5.
885 384 1107 423 Rogavcrunt
1123 381 1236 410 autem
1256 384 1335 406 eum
1352 376 1391 403 ut

16 450 196 484 :onsuleret
214 441 431 480 9011111111111,3
455 443 492 472 ut
519 439 602 470 scire
630 436 764 478 possent
781 442 825 463 an
843 437 1001 472 prospero
1019 425 1140 456 itinere
1157 420 1345 463 pergerent,
1362 419 1394 446 et

15 506 57 528 ·es
87 492 228 525 haberet
258 489 425 521 effectum.
471 485 499 515 6.
533 481 601 520 Qui
633 476 808 520 respondit
838 474 900 505 eis:
937 471 987 502 Ite
1019 469 1054 500 in
1088 476 1181 509 pace:
1222 460 1394 494 Dominus

14 537 144 580 respicit
168 534 262 567 viam
291 534 450 566 vestram,
477 531 509 559 et
537 526 600 557 iter
628 534 695 565 quo
723 518 872 563 pergitis.
919 517 946 547 7.
972 513 1101 545 Euntes
1117 509 1224 550 igitur
1241 505 1397 548 quinque

17 582 76 615 :iri
103 580 273 612 venerunt
300 573 410 607 Laisz⁴
446 570 675 609 videruntque
702 562 871 607 populum
899 558 1114 590 habitantem
1142 553 1179 583 in
1205 562 1243 582 ea
1270 548 1399 589 absque

17 626 82 659 1110
98 624 230 659 timore,
243 621 345 662 juxta
357 613 640 649 consuetudinem
654 607 886 641 Sidoniorum,
903 610 1059 634 securum
1074 602 1106 630 et
1119 596 1285 638 quietum,
1302 590 1400 623 nullo

18 669 41 703 {i
58 667 194 711 penitus
210 664 394 699 resistente,
420 664 697 700 magnarumque
725 660 840 693 opum,
868 651 900 679 et
926 643 1045 688 procul
1074 653 1093 673 a
1120 639 1245 671 Sidone
1262 640 1365 677 atque
1382 645 1402 665 a

19 711 143 746 :unctis
159 706 360 742 hominibus
380 707 585 746 separatum.
632 700 659 730 8.
685 693 893 734 Reversique
919 689 961 721 ad
988 688 1106 719 fratres
1134 693 1210 715 suos
1236 681 1273 712 in
1299 679 1404 711 Saraa

19 761 46 790 st
70 753 222 791 Esthaol,
253 755 285 783 et
316 748 400 792 quid
432 746 577 788 egissent
608 737 861 773 sciscitantibus
886 731 1148 774 responderunt:
1194 726 1224 757 9.
1259 722 1405 764 Surgite,

20 799 238 833 iscendamus
265 794 308 827 ad
336 804 402 825 eos:
428 790 581 822 vidimus
598 786 692 818 enim
709 787 833 815 terram
852 777 954 810 valde
979 773 1178 816 opulentam
1208 772 1239 800 et
1267 766 1403 798 urbem:

20 843 120 877 nolite
137 840 320 882 negligere,
347 835 452 867 nolite
470 842 611 868 cessare;
636 837 762 864 eamus,
791 828 823 856 et
851 820 1084 865 possideamus
1101 825 1186 852 eam,
1208 811 1327 844 nullus
1343 808 1407 841 erit

20 888 120 920 labor.
167 885 217 916 10.
242 880 455 914 Intrabimus
480 876 523 908 ad
549 883 692 910 securos,
720 871 757 902 in
785 867 959 909 regionem
986 860 1200 898 latissimam,
1228 854 1407 895 tradetque

21 931 114 963 nobis
139 927 309 961 Dominus
340 924 464 959 locum,
496 920 532 951 in
564 929 632 960 quo
663 914 795 947 nullius
826 910 873 942 rei
905 912 954 940 est
984 903 1128 949 penuria
1159 910 1288 935 eorum,
1320 907 1408 939 quae

21 975 209 1018 gignuntur
225 971 261 1002 in
279 974 377 1000 terra.
425 966 474 997 11.
500 961 643 995 Profecti
661 959 767 1000 igitur
784 958 864 987 sunt
889 953 930 984 de
956 948 1158 991 cognatione
1176 945 1263 981 Dan,
1288 941 1324 973 id
1351 943 1409 978 est,

22 1019 59 1051 de
75 1018 180 1050 Saraa
206 1017 239 1046 et
266 1009 407 1045 Esthaol
431 1006 581 1040 sexcenti
598 1003 665 1036 viri
683 999 824 1034 accincti
844 996 949 1029 armis
966 992 1106 1029 bellicis,
1154 989 1203 1020 12.
1227 984 1408 1021 ascenden-

22 1067 135 1104 tesque
162 1059 364 1091 manserunt
395 1054 432 1085 in
464 1047 708 1083 Cariatliiarim
740 1043 864 1076 Judae:
899 1039 959 1081 qui
991 1037 1085 1069 locus
1116 1044 1158 1065 ex
1190 1042 1227 1063 eo
1258 1034 1410 1070 tempore

23 1106 217 1139 Castrorum
250 1101 326 1132 Dan
358 1107 484 1129 nomen
521 1090 676 1134 accepit‚⁵
714 1092 746 1121 et
783 1090 832 1119 est
869 1087 944 1127 post
981 1085 1115 1122 tergum
1156 1071 1412 1108 Cariathiarim.

24 1151 71 1183 13.
110 1147 196 1180 Inde
235 1143 447 1176 transierunt
487 1139 523 1170 in
555 1139 708 1168 montem
740 1129 919 1173 Ephraim.
975 1125 1132 1165 Cumque
1164 1118 1337 1151 venissent
1368 1114 1411 1146 ad

47 1202 165 1225 omum
182 1188 327 1226 Michae,
374 1185 424 1216 14.
451 1183 615 1214 dixerunt
631 1178 786 1221 quinque
803 1173 880 1209 viri,
906 1170 966 1213 qui
991 1167 1086 1210 prius
1109 1163 1203 1196 missi
1217 1163 1353 1193 fuerant
1370 1158 1413 1190 ad

25 1232 307 1270 considerandam
344 1233 469 1261 terram
507 1225 594 1261 Lais,
631 1221 749 1254 ceteris
785 1215 947 1250 fratribus
983 1212 1066 1244 suis:
1100 1207 1213 1241 Nostis
1250 1203 1341 1247 quod
1376 1202 1414 1233 in

25 1279 184 1313 domibus
209 1276 282 1308 istis
307 1274 350 1305 sit
377 1270 499 1314 ephod,
531 1272 562 1300 et
592 1263 801 1307 theraphim,
832 1264 864 1292 et
895 1255 1062 1299 sculptile,
1094 1256 1196 1294 atque
1227 1246 1414 1281 conflatile:

26 1324 138 1357 videte
154 1320 239 1364 quid
256 1318 352 1350 vobis
370 1312 528 1358 placeat.⁶
574 1311 622 1343 15.
648 1309 691 1341 Et
711 1317 788 1339 cnm
807 1302 989 1347 paululum
1008 1297 1246 1330 declinassent,
1272 1289 1415 1333 ingressi

26 1371 107 1400 sunt·
131 1366 275 1398 domum
297 1357 519 1394 adolescentis
545 1354 693 1390 Levitae,
719 1350 779 1393 qui
806 1351 877 1380 erat
902 1347 939 1378 in
956 1344 1058 1376 domo
1076 1339 1224 1372 Michae:
1249 1335 1418 1368 salutave-

27 1415 177 1452 runtque
204 1417 283 1440 eum
311 1404 424 1437 verbis
451 1399 609 1443 pacificis.
656 1397 705 1428 16.
741 1391 898 1425 Sexcenti
931 1391 1045 1420 autem
1078 1383 1144 1417 viri
1176 1382 1223 1414 ita
1254 1384 1293 1411 ut
1319 1381 1415 1410 erant

26 1453 162 1492 armati,
189 1451 325 1484 stabant
350 1451 429 1480 ante
454 1444 589 1477 ostium.
636 1442 685 1473 17.
721 1439 766 1470 At
790 1436 853 1473 illi,
879 1433 938 1476 qui
961 1428 1103 1472 ingressi
1120 1427 1257 1459 fuerant
1273 1423 1418 1454 domum

28 1497 171 1542 juvenis,
201 1492 368 1536 sculptile,
407 1494 439 1522 et
476 1486 598 1530 ephod,
635 1487 668 1516 et
705 1479 914 1521 theraphim,
952 1481 1055 1516 atque
1094 1468 1265 1503 conflatile
1296 1465 1415 1498 tollere

30 1542 240 1577 nitebantur,
271 1541 304 1569 et
333 1533 487 1567 sacerdos
511 1530 621 1562 stabat
649 1531 728 1559 ante
755 1524 891 1558 ostium,
922 1517 1090 1551 sexcentis
1117 1513 1201 1546 viris
1227 1508 1421 1543 fortissimis

30 1585 125 1619 haud
139 1581 255 1626 procul
271 1576 538 1622 expectantibus.
564 1575 612 1605 18.
637 1566 926 1608 Tuleruntigitur
939 1562 998 1605 qui
1012 1560 1237 1593 intraverant,
1253 1551 1422 1595 sculptile,

31 1628 156 1672 ephod,
183 1631 216 1659 et
241 1624 344 1661 idola,
371 1625 474 1663 atque
501 1615 682 1650 conflatile.
729 1611 864 1651 Quibus
880 1607 968 1640 dixit
986 1603 1154 1637 sacerdos:
1179 1598 1271 1638 Quid
1289 1595 1422 1629 facitis<²

33 1674 85 1706 19.
109 1671 171 1704 Cui
189 1667 452 1711 responderunt:
477 1663 574 1699 Tace,
601 1664 633 1692 et
660 1668 748 1701 pone
775 1654 924 1696 digitum
943 1660 1043 1691 super
1070 1658 1105 1679 os
1132 1649 1248 1677 tuum:
1274 1640 1423 1681 venique

35 1716 225 1751 nobiscum,
250 1716 289 1744 ut
314 1710 503 1742 habeamus
529 1710 561 1737 te
588 1707 730 1746 patrem,
762 1710 799 1731 ae
829 1695 1047 1729 sacerdotem.
1094 1688 1185 1728 Quid
1211 1686 1274 1719 tibi
1301 1683 1424 1716 melius

35 1764 93 1799 est,
120 1763 160 1791 ut
184 1758 229 1790 sis
253 1754 406 1788 sacerdos
431 1752 468 1783 in
495 1750 596 1782 domo
621 1746 726 1778 unius
750 1742 828 1779 viri,
855 1751 899 1772 an
926 1739 962 1770 in
988 1747 1060 1769 una
1080 1733 1172 1766 tribu
1190 1735 1222 1763 et
1238 1728 1370 1762 familia
1387 1726 1425 1757 in

38 1803 164 1837 Israel?
210 1801 260 1833 20.
285 1797 384 1837 Quod
413 1806 491 1827 cum
519 1791 678 1828 audisset,
705 1784 879 1829 acquievit
899 1779 1114 1814 sermonibus
1130 1785 1259 1812 eorum,
1286 1776 1319 1804 et
1344 1770 1428 1802 tulit

37 1846 161 1891 ephod,
188 1848 220 1877 et
247 1842 349 1879 idola,
377 1851 416 1872 ae
443 1836 611 1879 sculptile,
638 1837 671 1865 et
698 1831 866 1874 profectus
892 1830 940 1859 est
965 1835 1044 1857 cum
1070 1822 1126 1854 eis.
1173 1820 1225 1851 21.
1253 1816 1321 1855 Qui
1347 1824 1426 1846 cum

12 1910 13 1913 =
39 1892 228 1935 pergerent,
244 1891 277 1919 et
289 1889 368 1919 ante
384 1894 418 1915 se
434 1883 483 1914 ire
499 1881 655 1913 fecissent
668 1874 829 1919 parvulos
845 1882 884 1904 ac
897 1871 1065 1912 jumenta,
1081 1869 1113 1897 et
1129 1873 1231 1896 omne
1248 1859 1339 1902 quod
1357 1861 1430 1889 erat

40 1935 238 2011 pretiosum,
283 1930 333 1962 22.
358 1931 390 1960 et
413 1927 485 1967 jam
512 1935 530 1956 a
557 1923 658 1955 domo
679 1916 829 1951 Michae⁷
854 1917 964 1947 essent
980 1909 1108 1954 procul,
1135 1907 1203 1939 viri
1220 1905 1279 1947 qui
1297 1902 1430 1934 habita-

66 1981 126 2011 ant
151 1977 187 2009 in
213 1974 356 2008 aedibus
382 1970 516 2003 Michae
538 1965 791 1999 conclamantes
808 1958 912 1991 secuti
929 1960 1020 1991 sunt,
1066 1954 1115 1985 23.
1140 1955 1172 1983 et
1197 1953 1272 1991 post
1296 1951 1431 1987 tergum

43 2022 191 2055 clamare
208 2019 400 2060 coeperunt.
447 2012 514 2051 Qui
532 2021 611 2043 cum
628 2006 863 2050 respexissent,
891 2001 1055 2032 dixerunt
1076 1996 1119 2028 ad
1148 1993 1315 2026 Micham:
1340 1988 1434 2027 Quid

43 2066 109 2098 tibi
136 2064 209 2096 vis‘?
233 2072 293 2094 cur
321 2058 469 2092 clamas?
515 2055 565 2087 ⁵24.
590 2052 658 2091 Qui
686 2047 876 2091 respondit:
902 2045 988 2077 Deos
1016 2051 1117 2076 meos,
1145 2048 1230 2080 quos
1254 2034 1341 2067 mihi
1361 2032 1437 2069 feci,

45 2108 183 2142 tulistis.
208 2110 241 2138 et
265 2102 483 2137 sacerdotem,
508 2103 541 2131 et
566 2096 684 2129 omnia
709 2103 797 2135 quae
822 2089 941 2125 habeo,
967 2091 999 2118 et
1025 2084 1152 2117 dicitis:
1177 2079 1269 2119 Quid
1286 2077 1350 2109 tibi
1368 2075 1437 2108 est?

47 2154 99 2186 25.
123 2151 363 2189 Dixeruntque
380 2145 409 2177 ei
427 2143 489 2176 filii
510 2142 601 2174 Dan:
626 2140 715 2171 Cave
732 2147 775 2168 ne
792 2134 882 2166 ultra
898 2130 1052 2173 loquaris
1068 2127 1111 2160 ad
1136 2136 1208 2162 nos,
1235 2126 1268 2155 et
1296 2120 1440 2154 veniant

48 2196 92 2229 ad
107 2199 141 2227 te
156 2194 223 2227 viri
241 2192 358 2225 animo
375 2186 544 2224 concitati,
570 2188 602 2216 et
627 2184 698 2225 ipse
724 2190 803 2212 cum
829 2176 925 2209 omni
952 2175 1054 2207 domo
1073 2176 1133 2203 tua
1149 2177 1274 2211 pereas
1321 2164 1371 2196 26.
1396 2162 1442 2194 Et

49 2240 97 2273 sic
114 2241 230 2280 coepto
246 2236 367 2268 itinere
383 2231 616 2275 perrexerunt.
663 2224 794 2258 Videns
820 2224 936 2253 autem
962 2216 1104 2252 Michas,
1130 2211 1221 2255 quod
1240 2209 1392 2241 fortiores
1408 2216 1442 2238 se

51 2285 172 2320 essent,
197 2288 350 2312 reversus
375 2280 424 2309 est,
448 2275 485 2306 in
508 2273 651 2304 domum
669 2278 777 2301 suam.
823 2265 873 2297 27.
897 2259 1055 2295 Sexcenti
1071 2260 1186 2290 autem
1205 2253 1271 2286 viri
1288 2251 1444 2284 tulerunt

52 2325 271 2362 sacerdotem,
299 2325 331 2354 et
357 2329 446 2362 quae
472 2326 576 2358 supra
603 2312 771 2346 diximus:
804 2309 1043 2347 veneruntque
1065 2302 1102 2334 in
1120 2299 1199 2332 Lais
1215 2297 1258 2330 ad
1275 2294 1444 2338 populum

54 2370 286 2414 quiescentem
303 2368 405 2408 atque
421 2370 590 2398 securum,
610 2361 642 2391 et
658 2355 896 2400 percusserunt
912 2360 967 2383 eos
982 2349 1018 2380 in
1036 2356 1092 2379 ore
1108 2342 1230 2387 gladii:
1255 2339 1446 2379 urbemque
