1541 2540
82 62 140 92 594

631 168 757 222 Caput
812 171 922 211 XXI.

124 261 152 292 1.
187 259 398 295 Juravcrunt
427 275 564 308 qnoque
592 267 654 300 filii
684 269 787 302 Israel
817 270 851 303 in
882 271 1042 315 Maspha¹
1074 277 1107 306 et
1134 274 1311 309 dixerunt:
1343 276 1469 312 Nullus

81 308 235 336 nostrum
255 305 348 338 dabit
369 307 448 339 liliis
470 309 650 350 Benjamin
669 313 710 344 de
728 313 864 346 filiabus
880 316 950 347 suis
967 327 1119 350 uxorem.
1165 319 1193 351 2.
1219 319 1467 364 Veneruntque

79 356 197 379 omnes
213 348 255 380 ad
274 349 415 383 domum
437 352 516 384 l)ci²
540 354 574 386 in
603 355 701 395 Silo,³
723 362 755 389 et
783 358 818 390 in
847 366 1027 401 conspectu
1044 361 1115 402 ejus
1131 362 1283 395 sedentes
1300 375 1407 407 usque
1422 364 1467 398 ad

78 400 135 423 ves
148 402 264 429 ieram.
290 393 491 428 levaverunt
510 408 635 437 vocem,
652 404 682 432 et
701 411 826 441 magno
844 402 979 435 ululatu
997 409 1180 446 coeperunt
1197 406 1285 446 flere,
1300 407 1466 442 dicentes:

77 433 107 465 3.
164 445 245 467 uare
263 436 637 475 1)01ni1101)euslsrael
657 444 783 476 factum
810 451 858 477 est
884 446 947 478 hoe
973 447 1104 480 malum
1131 449 1165 480 in
1193 450 1320 492 populo
1343 455 1411 491 tuo,
1427 455 1467 486 ut

78 476 180 510 hodie
208 489 277 511 una
306 481 414 513 trihus
441 485 631 518 auferretur
658 499 699 519 cx
728 488 848 521 nobis?
892 491 921 522 4.
946 490 1062 523 Altera
1090 497 1203 525 autem
1231 493 1286 526 die
1311 494 1466 529 diluculo

76 528 326 564 consurgenth
364 531 591 561 extruxerunt
628 531 767 564 altare:⁴
804 532 1072 577 obtuleruntque
1110 535 1156 568 ibi
1196 536 1403 578 holocausta,
1432 542 1466 573 et

99 565 233 599 acifieas
265 567 431 609 victimas,
469 576 501 603 et
539 573 716 607 dixerunt:
762 577 791 608 5.
830 577 914 615 Quis
954 589 1022 610 non
1061 580 1214 612 ascendit
1245 581 1280 613 iu
1312 582 1464 617 exercitu

108 609 217 641 omini
257 610 298 643 de
336 613 507 647 universis
546 617 704 651 tribubus
743 619 870 652 lsrael?
908 621 1039 653 Grandi
1078 623 1169 655 enim
1198 624 1396 665 juramento
1428 637 1465 660 se

73 653 379 695 constrinxerant‚⁵
412 669 490 690 cum
523 666 632 693 ess-ent
663 663 698 694 in
732 663 886 706 Maspha,
918 665 1061 697 interfici
1091 677 1145 699 eos
1175 668 1233 710 qui
1267 668 1463 704 defuissent.

73 695 102 728 6.
128 695 298 740 Ductique
315 701 523 741 poenitentia
543 704 604 736 filii
625 705 726 739 lsrael
743 718 845 750 super
861 708 963 741 fratrc
979 720 1039 740 suo
1062 709 1254 752 Benjamin,
1279 716 1464 755 coeperunt

71 738 197 772 dicere:
223 741 349 775 Ablata
376 749 425 777 est
452 746 561 779 tribus
589 759 657 782 una
687 751 728 783 de
756 751 870 789 Israel,
916 753 944 785 7.
980 753 1072 786 unde
1103 765 1225 787 uxores
1252 756 1464 799 accipient?⁶

71 793 190 816 omnes
205 785 298 817 enim
317 787 353 819 in
370 792 771 834 communejuravimus,
797 806 866 827 non
887 795 1026 828 daturos
1052 808 1112 830 nos
1138 798 1191 830 his
1216 798 1304 832 filias
1320 804 1461 835 nostras.

71 827 100 859 8.
136 827 268 860 Idcirco
297 830 475 865 dixerunt:
511 836 595 873 Quis
626 842 674 869 cst
705 838 747 870 de
778 840 948 871 universis
970 840 1128 873 tribubus
1157 842 1271 881 Israel,
1301 844 1362 886 qui
1389 855 1461 878 non

70 871 223 904 ascendit
249 873 290 905 ad
319 874 509 910 Dominum
541 879 577 911 in
610 880 777 924 Maspha?
810 883 853 915 Et
883 894 958 916 ecce
985 884 1118 916 inventi
1146 890 1227 918 sunt
1252 886 1460 922 habitatores

68 912 171 947 Jabes
187 916 318 949 Galaad
346 918 381 951 in
409 919 469 952 illo
493 924 643 956 exercitu
671 936 740 958 non
767 926 876 959 fuisse.
923 927 952 960 9.
977 927 1039 963 (Eo
1059 939 1195 972 quoque
1212 933 1363 973 tempore
1378 941 1459 965 cum

68 963 179 991 essent
206 959 242 992 in
270 960 369 1001 Si10‚⁷
400 964 518 997 nullus
545 978 586 999 ex
613 969 660 1000 eis
691 969 738 1002 ibi
771 975 922 1013 repertus
947 974 1017 1010 est)
1067 974 1115 1004 10.
1150 973 1318 1007 Miserunt
1340 974 1460 1018 itaque

67 1000 183 1034 decem
202 1003 332 1037 millia⁸
354 1007 445 1039 viros
461 1009 722 1050 robustissimos,
749 1018 782 1046 et
808 1020 1053 1057 praeceperunt
1069 1017 1130 1048 eis:
1156 1017 1215 1056 Ite,
1240 1022 1273 1050 et
1292 1019 1459 1060 percutite

67 1043 277 1080 habitatores
302 1048 405 1082 Jabes
432 1052 563 1086 Galaad
591 1055 628 1087 in
660 1067 716 1089 ore
746 1058 865 1099 gladii,
896 1062 966 1090 tam
995 1070 1117 1092 uxores
1144 1071 1249 1103 quam
1278 1061 1460 1104 parvulos’

66 1099 194 1122 eorum.
242 1093 291 1124 11.
332 1093 374 1126 Et
409 1095 472 1128 hoc
503 1098 567 1130 erit
605 1100 696 1142 quod
745 1101 924 1134 observare
962 1103 1142 1136 debebitis:
1182 1104 1293 1138 Omne
1322 1106 1457 1148 generis

66 1134 261 1174 masculini,
292 1140 323 1169 et
355 1139 525 1178 mulieres,
556 1153 645 1184 quae
672 1151 907 1185 cognoverunt
937 1147 1038 1185 viros,
1077 1147 1266 1188 interficite,
1303 1149 1456 1192 virg-ines

66 1180 180 1209 autem
199 1181 404 1213 rcservate.¹⁰
439 1184 487 1216 12.
514 1185 748 1229 Inventaeque
763 1194 843 1221 sunt
860 1190 901 1222 de
917 1190 1018 1222 Jabes
1034 1191 1165 1223 Galaad
1182 1192 1457 1236 quadringentae

65 1220 227 1263 virgines.
255 1234 342 1266 quae
370 1227 564 1261 nescierunt
591 1231 657 1262 viri
687 1231 836 1271 thorum,
864 1238 896 1266 et
923 1234 1145 1267 adduxerunt
1161 1246 1216 1268 eas
1232 1235 1275 1268 ad
1292 1236 1456 1271 castrain

65 1262 147 1303 Silo,
172 1265 208 1297 in
234 1270 359 1300 terram
385 1270 562 1305 Clianaan.
608 1275 657 1307 13.
682 1275 920 1320 Miseruntque
941 1279 1080 1311 nuntios
1096 1279 1138 1311 ad
1156 1279 1244 1312 filios
1261 1279 1455 1322 Benjamin,

64 1308 125 1350 qui
151 1315 249 1342 erant
276 1311 311 1343 in
338 1312 438 1346 Petra
470 1315 652 1354 Remmon,
677 1324 709 1351 et
743 1325 988 1363 praeceperunt
1013 1322 1070 1361 eis,
1094 1326 1133 1355 ut
1160 1334 1214 1356 eos
1244 1323 1455 1368 susciperent

63 1351 100 1384 in
128 1353 247 1394 pace.u
294 1357 343 1388 14.
368 1356 617 1403 Veneruntque
645 1362 707 1394 filii
738 1363 918 1405 Benjamin
948 1365 983 1397 in
1013 1365 1072 1397 illo
1100 1370 1260 1409 tempore,
1291 1371 1324 1400 et
1353 1367 1454 1402 datae

62 1399 144 1428 sunt
160 1397 207 1429 eis
224 1408 347 1431 uxores
374 1400 415 1433 de
443 1402 580 1437 filiabus
607 1405 708 1438 Jabcs
725 1407 871 1440 Galaad:
896 1409 981 1441 alias
997 1414 1111 1442 autern
1130 1421 1198 1442 non
1216 1411 1454 1454 rcpererunt,¹⁸

61 1449 148 1482 quas
172 1441 278 1474 simili
305 1444 407 1477 modo
432 1447 613 1481 traderent.
661 1451 710 1482 15.
735 1451 993 1495 Universusque
1020 1453 1122 1486 Israel
1149 1454 1250 1487 valde
1274 1454 1395 1496 doluit,
1418 1459 1454 1490 et

60 1483 131 1525 egit
146 1486 392 1526 poenitentiam
411 1500 512 1532 super
529 1492 763 1526 interfectione
780 1496 883 1528 unius
900 1496 1009 1529 tribus
1026 1508 1066 1530 ex
1085 1497 1229 1530 Israel.¹³
1273 1499 1324 1532 16.
1347 1498 1451 1533 Dixe-

60 1531 211 1570 runtque
243 1531 387 1572 majores
417 1538 516 1566 natu:
553 1536 642 1574 Quid
678 1538 840 1571 faciemus
871 1540 1023 1582 reliquis,
1054 1541 1114 1584 qui
1146 1552 1216 1574 non
1247 1547 1452 1585 acceperunt

60 1573 205 1604 uxores?
227 1583 346 1606 omnes
370 1576 406 1608 in
435 1577 615 1618 Benjamin
634 1581 781 1614 feminac
798 1584 1030 1623 conciderunt,
1077 1586 1126 1617 17.
1150 1589 1181 1618 et
1207 1596 1335 1628 magna
1349 1586 1450 1620 nobis

59 1614 180 1655 cura‚¹⁴
202 1616 405 1660 ingentique
421 1622 535 1655 studio
563 1625 817 1666 p1·0vi‹.lendum
847 1631 905 1666 est,
932 1639 975 1659 ne
1002 1639 1072 1660 una
1099 1628 1208 1661 tribus
1235 1629 1390 1663 deleatur
1404 1641 1449 1665 ex

59 1657 173 1691 Israel.
221 1661 270 1693 18.
309 1662 416 1695 Filias
447 1666 540 1698 enim
573 1673 703 1701 nostras
742 1670 788 1701 eis
827 1671 907 1703 dare
946 1682 1014 1703 non
1046 1683 1236 1714 possumus,
1273 1673 1448 1708 constricti

52 1701 251 1744 juramento
281 1710 313 1737 et
344 1707 594 1747 maledictione,
626 1723 695 1753 qua
725 1713 893 1746 diximus:
922 1714 1125 1748 Maledictus
1155 1717 1215 1759 qui
1247 1716 1378 1750 dederit
1405 1717 1449 1752 de

57 1745 195 1779 filiabus
225 1749 295 1780 suis
326 1760 469 1784 uxorem
503 1754 694 1795 Benjamin.
742 1758 790 1789 19.
826 1758 1066 1801 Ceperuntque
1091 1759 1314 1800 consilium,¹³
1343 1764 1448 1804 atque

57 1788 234 1823 dixerunt:
262 1793 345 1825 Ecce
361 1795 560 1829 solemnitas
577 1799 717 1831 Domini
746 1805 794 1833 est
822 1801 856 1833 in
885 1802 955 1834 silo
980 1803 1256 1843 ainiiversaria,¹⁶
1277 1815 1366 1848 quae
1380 1805 1447 1839 sita

56 1836 104 1865 est
121 1833 164 1866 ad
181 1838 445 1877 septentrionem
466 1840 560 1873 urbis
577 1842 735 1880 130t11‹›l,¹⁷
758 1848 791 1876 et
815 1845 858 1877 ad
881 1846 1082 1878 orientalem
1099 1847 1237 1890 plagam
1255 1848 1341 1888 viae,
1357 1859 1446 1892 quae

56 1876 98 1909 de
130 1877 248 1911 Bethel
289 1881 399 1914 tendit
437 1884 478 1915 ad
519 1885 719 1925 Sicliimarn,
757 1892 790 1920 et
827 1889 869 1921 ad
910 1890 1087 1922 meridiem
1119 1891 1237 1934 oppidi
1268 1891 1446 1926 Lebona.¹⁸

56 1920 106 1952 20.
131 1921 449 1968 Praeceperuntque
466 1928 546 1961 filiis
564 1929 756 1971 Benjamin,
781 1936 884 1974 atque
909 1933 1088 1966 dixerunt:
1112 1935 1173 1974 Ite,
1197 1939 1230 1967 et
1254 1934 1387 1969 latitate
1404 1936 1443 1970 in

55 1964 175 1998 vineis.
222 1967 271 1999 21.
296 1970 453 2012 Cumque
470 1972 626 2005 videritis
651 1974 739 2007 filias
765 1975 836 2007 Silo
863 1976 905 2008 ad
935 1977 1108 2010 ducendos
1134 1978 1254 2012 choros
1280 1990 1322 2012 ex
1348 1989 1444 2014 more

54 2009 244 2051 procedere,
260 2011 350 2044 exite
367 2019 504 2055 repente
521 2016 562 2048 de
579 2017 698 2054 vineis,
715 2023 747 2050 ct.
764 2020 871 2061 rapite
888 2031 929 2052 ex
942 2021 988 2052 cis
1001 2021 1129 2063 singuli
1143 2033 1266 2056 uxores
1277 2022 1442 2066 singulas,

54 2055 87 2084 et
102 2053 232 2095 pergite
249 2055 284 2086 in
302 2059 427 2089 terram
446 2058 637 2101 Benjamin.
685 2062 734 2094 22.
759 2063 916 2106 Cumque
943 2065 1101 2097 venerint
1128 2070 1240 2108 patres
1255 2077 1385 2107 earum,
1400 2077 1441 2101 ao

54 2095 182 2136 fratres,
209 2102 242 2130 et
269 2099 450 2133 adversum
481 2113 539 2135 vos
566 2105 663 2146 queri
690 2107 870 2148 coeperint,
901 2111 1005 2150 atque
1024 2109 1168 2151 jurgari,
1199 2109 1352 2142 dicemus
1377 2110 1440 2144 eis:

53 2138 265 2174 Miseremini
293 2144 457 2176 eorumz¹⁹
489 2157 557 2179 non
587 2149 679 2180 enim
710 2154 897 2192 rapuerunt
925 2162 979 2183 eas
1001 2152 1079 2192 jure
1104 2152 1307 2186 bellantium
1336 2157 1440 2198 atquo

52 2182 234 2224 victorum,
260 2186 317 2218 sed
346 2189 599 2230 rogantibusnt
617 2193 818 2234 acciperent,
846 2205 915 2226 non
941 2195 1090 2235 dedistis,
1115 2200 1149 2229 et
1172 2207 1192 2229 a
1217 2200 1327 2230 vestra
1342 2201 1440 2240 parte

50 2231 228 2269 peccatum
246 2234 303 2262 est.
338 2231 387 2263 23.
414 2232 648 2277 1⁴'eceruntque
665 2236 726 2268 filii
747 2237 939 2278 Benjaniin,
956 2242 994 2271 ut
1009 2239 1073 2271 sibi
1090 2240 1200 2273 suerat
1215 2241 1439 2284 imperatum:

51 2273 84 2303 et
95 2270 197 2314 juxta
214 2283 398 2308 numerum
415 2287 516 2309 suum
543 2284 732 2322 rapuerunt
757 2281 821 2314 sibi
847 2281 889 2315 de
914 2281 977 2323 his,
1002 2294 1090 2327 quae
1114 2283 1286 2318 ducebant
1309 2284 1438 2327 choros,
