<?xml version="1.0" encoding="UTF-8"?>
<!DOCTYPE html PUBLIC "-//W3C//DTD XHTML 1.0 Transitional//EN"
    "http://www.w3.org/TR/xhtml1/DTD/xhtml1-transitional.dtd">
<html xmlns="http://www.w3.org/1999/xhtml" xml:lang="en" lang="en">
 <head>
  <title>
</title>
<meta http-equiv="Content-Type" content="text/html;charset=utf-8" />
  <meta name='ocr-system' content='tesseract 3.04.00' />
  <meta name='ocr-capabilities' content='ocr_page ocr_carea ocr_par ocr_line ocrx_word'/>
</head>
<body>
  <div class='ocr_page' id='page_1' title='image "./dieheiligeschrif01lech_0201.png"; bbox 0 0 1504 2540; ppageno 0'>
   <div class='ocr_carea' id='block_1_1' title="bbox 1292 65 1348 96">
    <p class='ocr_par' dir='ltr' id='par_1_1' title="bbox 1292 65 1348 96">
     <span class='ocr_line' id='line_1_1' title="bbox 1292 65 1348 96; baseline 0.018 -1"><span class='ocrx_word' id='word_1_1' title='bbox 1292 65 1348 96; x_wconf 81' lang='lat'>187</span> 
     </span>
    </p>
   </div>
   <div class='ocr_carea' id='block_1_2' title="bbox 0 344 39 2540">
    <p class='ocr_par' dir='ltr' id='par_1_2' title="bbox 0 344 39 2540">
     <span class='ocr_line' id='line_1_2' title="bbox 0 344 10 522; baseline 0 -46"><span class='ocrx_word' id='word_1_2' title='bbox 0 344 10 522; x_wconf 95' lang='lat' dir='ltr'>    </span> 
     </span>
     <span class='ocr_line' id='line_1_3' title="bbox 0 522 10 593; baseline 0 1947"><span class='ocrx_word' id='word_1_3' title='bbox 0 522 10 593; x_wconf 95' lang='lat' dir='ltr'> </span> 
     </span>
     <span class='ocr_line' id='line_1_4' title="bbox 0 593 10 644; baseline 0 1896"><span class='ocrx_word' id='word_1_4' title='bbox 0 593 10 644; x_wconf 95' lang='lat' dir='ltr'> </span> 
     </span>
     <span class='ocr_line' id='line_1_5' title="bbox 0 644 12 763; baseline 0 -20"><span class='ocrx_word' id='word_1_5' title='bbox 0 644 12 763; x_wconf 95' lang='lat' dir='ltr'>   </span> 
     </span>
     <span class='ocr_line' id='line_1_6' title="bbox 0 763 18 913; baseline 0 0"><span class='ocrx_word' id='word_1_6' title='bbox 0 763 18 913; x_wconf 95' lang='lat' dir='ltr'>  </span> 
     </span>
     <span class='ocr_line' id='line_1_7' title="bbox 0 938 20 1091; baseline 0 -89"><span class='ocrx_word' id='word_1_7' title='bbox 0 938 20 1091; x_wconf 95' lang='lat' dir='ltr'>     </span> 
     </span>
     <span class='ocr_line' id='line_1_8' title="bbox 0 1091 19 1264; baseline 0 -47"><span class='ocrx_word' id='word_1_8' title='bbox 0 1091 19 1264; x_wconf 95' lang='lat' dir='ltr'>   </span> 
     </span>
     <span class='ocr_line' id='line_1_9' title="bbox 0 1264 21 1341; baseline 0 0"><span class='ocrx_word' id='word_1_9' title='bbox 0 1264 21 1341; x_wconf 95' lang='lat' dir='ltr'>  </span> 
     </span>
     <span class='ocr_line' id='line_1_10' title="bbox 0 1341 20 1433; baseline 0 0"><span class='ocrx_word' id='word_1_10' title='bbox 0 1341 20 1433; x_wconf 95' lang='lat' dir='ltr'>  </span> 
     </span>
     <span class='ocr_line' id='line_1_11' title="bbox 0 1433 22 1604; baseline 0 -77"><span class='ocrx_word' id='word_1_11' title='bbox 0 1433 22 1604; x_wconf 95' lang='lat' dir='ltr'>    </span> 
     </span>
     <span class='ocr_line' id='line_1_12' title="bbox 0 1779 29 1941; baseline 0 -34"><span class='ocrx_word' id='word_1_12' title='bbox 0 1779 29 1941; x_wconf 95' lang='lat' dir='ltr'>    </span> 
     </span>
     <span class='ocr_line' id='line_1_13' title="bbox 0 1941 39 2088; baseline 0 -35"><span class='ocrx_word' id='word_1_13' title='bbox 0 1941 39 2088; x_wconf 95' lang='lat' dir='ltr'>    </span> 
     </span>
     <span class='ocr_line' id='line_1_14' title="bbox 0 2088 35 2220; baseline 0 -100"><span class='ocrx_word' id='word_1_14' title='bbox 0 2088 35 2220; x_wconf 95' lang='lat' dir='ltr'>   </span> 
     </span>
     <span class='ocr_line' id='line_1_15' title="bbox 3 2220 39 2540; baseline 0 -238"><span class='ocrx_word' id='word_1_15' title='bbox 3 2220 39 2540; x_wconf 95' lang='lat' dir='ltr'>   </span> 
     </span>
    </p>
   </div>
   <div class='ocr_carea' id='block_1_3' title="bbox 549 170 762 223">
    <p class='ocr_par' dir='ltr' id='par_1_3' title="bbox 549 170 762 223">
     <span class='ocr_line' id='line_1_16' title="bbox 549 170 762 223; baseline -0.014 -13"><span class='ocrx_word' id='word_1_16' title='bbox 549 172 676 223; x_wconf 82' lang='lat' dir='ltr'>Caput</span> <span class='ocrx_word' id='word_1_17' title='bbox 711 170 762 208; x_wconf 93' lang='lat' dir='ltr'>II.</span> 
     </span>
    </p>
   </div>
   <div class='ocr_carea' id='block_1_4' title="bbox 10 265 1366 2280">
    <p class='ocr_par' dir='ltr' id='par_1_4' title="bbox 10 265 1366 2280">
     <span class='ocr_line' id='line_1_17' title="bbox 10 265 1350 318; baseline -0.012 -8"><span class='ocrx_word' id='word_1_18' title='bbox 10 277 38 310; x_wconf 88' lang='lat'>1.</span> <span class='ocrx_word' id='word_1_19' title='bbox 73 277 235 318; x_wconf 77' lang='lat' dir='ltr'>Egressus</span> <span class='ocrx_word' id='word_1_20' title='bbox 262 277 310 307; x_wconf 86' lang='lat' dir='ltr'>est</span> <span class='ocrx_word' id='word_1_21' title='bbox 337 276 411 316; x_wconf 85' lang='lat' dir='ltr'>post</span> <span class='ocrx_word' id='word_1_22' title='bbox 438 271 537 304; x_wconf 84' lang='lat' dir='ltr'>haee¹</span> <span class='ocrx_word' id='word_1_23' title='bbox 568 271 622 304; x_wconf 84' lang='lat' dir='ltr'>vir</span> <span class='ocrx_word' id='word_1_24' title='bbox 649 270 690 302; x_wconf 89' lang='lat' dir='ltr'>de</span> <span class='ocrx_word' id='word_1_25' title='bbox 716 269 817 301; x_wconf 88' lang='lat' dir='ltr'>domo</span> <span class='ocrx_word' id='word_1_26' title='bbox 844 266 960 299; x_wconf 81' lang='lat' dir='ltr'>Leviz²</span> <span class='ocrx_word' id='word_1_27' title='bbox 995 269 1027 298; x_wconf 86' lang='lat' dir='ltr'>et</span> <span class='ocrx_word' id='word_1_28' title='bbox 1054 265 1182 306; x_wconf 86' lang='lat' dir='ltr'>accepit</span> <span class='ocrx_word' id='word_1_29' title='bbox 1207 274 1350 295; x_wconf 83' lang='lat' dir='ltr'>uxorem</span> 
     </span>
     <span class='ocr_line' id='line_1_18' title="bbox 11 308 1352 364; baseline -0.011 -11"><span class='ocrx_word' id='word_1_30' title='bbox 11 321 79 364; x_wconf 89' lang='lat' dir='ltr'>rpis</span> <span class='ocrx_word' id='word_1_31' title='bbox 109 330 198 352; x_wconf 77' lang='lat' dir='ltr'>suae.</span> <span class='ocrx_word' id='word_1_32' title='bbox 244 319 272 350; x_wconf 84' lang='lat'>2.</span> <span class='ocrx_word' id='word_1_33' title='bbox 311 318 406 356; x_wconf 83' lang='lat' dir='ltr'>Quae</span> <span class='ocrx_word' id='word_1_34' title='bbox 437 315 598 357; x_wconf 77' lang='lat' dir='ltr'>concepit,</span> <span class='ocrx_word' id='word_1_35' title='bbox 637 318 668 345; x_wconf 88' lang='lat' dir='ltr'>et</span> <span class='ocrx_word' id='word_1_36' title='bbox 701 312 832 355; x_wconf 85' lang='lat' dir='ltr'>peperit</span> <span class='ocrx_word' id='word_1_37' title='bbox 862 310 1007 353; x_wconf 79' lang='lat' dir='ltr'>filiumz³</span> <span class='ocrx_word' id='word_1_38' title='bbox 1045 313 1077 341; x_wconf 89' lang='lat' dir='ltr'>ct</span> <span class='ocrx_word' id='word_1_39' title='bbox 1114 308 1234 340; x_wconf 78' lang='lat' dir='ltr'>videns</span> <span class='ocrx_word' id='word_1_40' title='bbox 1272 318 1352 339; x_wconf 87' lang='lat' dir='ltr'>eum</span> 
     </span>
     <span class='ocr_line' id='line_1_19' title="bbox 11 352 1352 407; baseline -0.011 -10"><span class='ocrx_word' id='word_1_41' title='bbox 11 368 166 407; x_wconf 53' lang='lat' dir='ltr'>{gantelrn</span> <span class='ocrx_word' id='word_1_42' title='bbox 197 362 375 395; x_wconf 80' lang='lat' dir='ltr'>abscondit</span> <span class='ocrx_word' id='word_1_43' title='bbox 401 360 511 392; x_wconf 88' lang='lat' dir='ltr'>tribus</span> <span class='ocrx_word' id='word_1_44' title='bbox 542 358 725 390; x_wconf 82' lang='lat' dir='ltr'>mensibus.</span> <span class='ocrx_word' id='word_1_45' title='bbox 783 357 810 387; x_wconf 85' lang='lat'>3.</span> <span class='ocrx_word' id='word_1_46' title='bbox 850 355 1006 396; x_wconf 77' lang='lat' dir='ltr'>Cumque</span> <span class='ocrx_word' id='word_1_47' title='bbox 1033 354 1104 394; x_wconf 78' lang='lat' dir='ltr'>jam</span> <span class='ocrx_word' id='word_1_48' title='bbox 1143 352 1251 383; x_wconf 88' lang='lat' dir='ltr'>celare</span> <span class='ocrx_word' id='word_1_49' title='bbox 1282 362 1352 383; x_wconf 87' lang='lat' dir='ltr'>non</span> 
     </span>
     <span class='ocr_line' id='line_1_20' title="bbox 11 395 1352 449; baseline -0.011 -9"><span class='ocrx_word' id='word_1_50' title='bbox 11 412 85 447; x_wconf 82' lang='lat' dir='ltr'>sset,</span> <span class='ocrx_word' id='word_1_51' title='bbox 116 407 262 449; x_wconf 79' lang='lat' dir='ltr'>sumpsit</span> <span class='ocrx_word' id='word_1_52' title='bbox 287 404 447 437; x_wconf 82' lang='lat' dir='ltr'>fiscellam</span> <span class='ocrx_word' id='word_1_53' title='bbox 475 401 669 445; x_wconf 55' lang='lat' dir='ltr'>scirpeamf</span> <span class='ocrx_word' id='word_1_54' title='bbox 703 404 735 432; x_wconf 85' lang='lat' dir='ltr'>et</span> <span class='ocrx_word' id='word_1_55' title='bbox 760 399 877 431; x_wconf 82' lang='lat' dir='ltr'>linivit</span> <span class='ocrx_word' id='word_1_56' title='bbox 902 409 976 430; x_wconf 81' lang='lat' dir='ltr'>eam</span> <span class='ocrx_word' id='word_1_57' title='bbox 1003 397 1174 428; x_wconf 76' lang='lat' dir='ltr'>bitumine</span> <span class='ocrx_word' id='word_1_58' title='bbox 1201 407 1238 427; x_wconf 87' lang='lat' dir='ltr'>ae</span> <span class='ocrx_word' id='word_1_59' title='bbox 1264 395 1352 436; x_wconf 84' lang='lat' dir='ltr'>pice:</span> 
     </span>
     <span class='ocr_line' id='line_1_21' title="bbox 11 438 1355 494; baseline -0.011 -10"><span class='ocrx_word' id='word_1_60' title='bbox 11 452 148 494; x_wconf 83' lang='lat' dir='ltr'>suitque</span> <span class='ocrx_word' id='word_1_61' title='bbox 164 451 257 482; x_wconf 85' lang='lat' dir='ltr'>intus</span> <span class='ocrx_word' id='word_1_62' title='bbox 274 448 496 486; x_wconf 83' lang='lat' dir='ltr'>infantulum,</span> <span class='ocrx_word' id='word_1_63' title='bbox 523 451 554 479; x_wconf 87' lang='lat' dir='ltr'>et</span> <span class='ocrx_word' id='word_1_64' title='bbox 582 445 738 487; x_wconf 78' lang='lat' dir='ltr'>exposuit</span> <span class='ocrx_word' id='word_1_65' title='bbox 754 454 832 475; x_wconf 85' lang='lat' dir='ltr'>eum</span> <span class='ocrx_word' id='word_1_66' title='bbox 859 442 895 473; x_wconf 90' lang='lat' dir='ltr'>in</span> <span class='ocrx_word' id='word_1_67' title='bbox 919 445 1047 473; x_wconf 82' lang='lat' dir='ltr'>carecto</span> <span class='ocrx_word' id='word_1_68' title='bbox 1072 440 1166 482; x_wconf 81' lang='lat' dir='ltr'>ripae</span> <span class='ocrx_word' id='word_1_69' title='bbox 1190 438 1355 476; x_wconf 86' lang='lat' dir='ltr'>fluminis,</span> 
     </span>
     <span class='ocr_line' id='line_1_22' title="bbox 21 483 1355 537; baseline -0.012 -9"><span class='ocrx_word' id='word_1_70' title='bbox 21 499 129 528; x_wconf 86' lang='lat' dir='ltr'>stante</span> <span class='ocrx_word' id='word_1_71' title='bbox 146 493 263 537; x_wconf 85' lang='lat' dir='ltr'>procul</span> <span class='ocrx_word' id='word_1_72' title='bbox 281 503 391 524; x_wconf 88' lang='lat' dir='ltr'>sorore</span> <span class='ocrx_word' id='word_1_73' title='bbox 408 492 487 533; x_wconf 73' lang='lat' dir='ltr'>ejus,</span> <span class='ocrx_word' id='word_1_74' title='bbox 510 494 542 522; x_wconf 88' lang='lat' dir='ltr'>et</span> <span class='ocrx_word' id='word_1_75' title='bbox 558 489 792 521; x_wconf 74' lang='lat' dir='ltr'>considerante</span> <span class='ocrx_word' id='word_1_76' title='bbox 809 490 970 518; x_wconf 74' lang='lat' dir='ltr'>eventum</span> <span class='ocrx_word' id='word_1_77' title='bbox 988 485 1045 516; x_wconf 86' lang='lat' dir='ltr'>rei.</span> <span class='ocrx_word' id='word_1_78' title='bbox 1085 485 1112 515; x_wconf 88' lang='lat'>5.</span> <span class='ocrx_word' id='word_1_79' title='bbox 1138 483 1222 514; x_wconf 85' lang='lat' dir='ltr'>Eece</span> <span class='ocrx_word' id='word_1_80' title='bbox 1239 486 1355 514; x_wconf 89' lang='lat' dir='ltr'>autem</span> 
     </span>
     <span class='ocr_line' id='line_1_23' title="bbox 12 526 1356 571; baseline -0.011 0"><span class='ocrx_word' id='word_1_81' title='bbox 12 538 192 571; x_wconf 81' lang='lat' dir='ltr'>scendebat</span> <span class='ocrx_word' id='word_1_82' title='bbox 217 537 289 569; x_wconf 87' lang='lat' dir='ltr'>filia</span> <span class='ocrx_word' id='word_1_83' title='bbox 314 534 521 568; x_wconf 86' lang='lat' dir='ltr'>Pharaonis⁵</span> <span class='ocrx_word' id='word_1_84' title='bbox 549 538 587 565; x_wconf 91' lang='lat' dir='ltr'>ut</span> <span class='ocrx_word' id='word_1_85' title='bbox 614 533 787 564; x_wconf 72' lang='lat' dir='ltr'>lavaretur</span> <span class='ocrx_word' id='word_1_86' title='bbox 812 531 848 561; x_wconf 91' lang='grc'>111</span> <span class='ocrx_word' id='word_1_87' title='bbox 877 529 1034 561; x_wconf 86' lang='lat' dir='ltr'>flumine:</span> <span class='ocrx_word' id='word_1_88' title='bbox 1069 532 1101 559; x_wconf 85' lang='lat' dir='ltr'>et</span> <span class='ocrx_word' id='word_1_89' title='bbox 1125 526 1259 568; x_wconf 86' lang='lat' dir='ltr'>puellae</span> <span class='ocrx_word' id='word_1_90' title='bbox 1284 526 1356 567; x_wconf 84' lang='lat' dir='ltr'>ejus</span> 
     </span>
     <span class='ocr_line' id='line_1_24' title="bbox 13 569 1356 622; baseline -0.012 -7"><span class='ocrx_word' id='word_1_91' title='bbox 13 582 214 615; x_wconf 72' lang='lat' dir='ltr'>adiebantur</span> <span class='ocrx_word' id='word_1_92' title='bbox 245 591 303 622; x_wconf 88' lang='lat' dir='ltr'>per</span> <span class='ocrx_word' id='word_1_93' title='bbox 335 579 543 621; x_wconf 76' lang='lat' dir='ltr'>crepidinem</span> <span class='ocrx_word' id='word_1_94' title='bbox 577 577 675 609; x_wconf 82' lang='lat' dir='ltr'>alvei.</span> <span class='ocrx_word' id='word_1_95' title='bbox 722 576 816 613; x_wconf 89' lang='lat' dir='ltr'>Quae</span> <span class='ocrx_word' id='word_1_96' title='bbox 847 584 924 605; x_wconf 84' lang='lat' dir='ltr'>cum</span> <span class='ocrx_word' id='word_1_97' title='bbox 958 572 1096 604; x_wconf 85' lang='lat' dir='ltr'>vidisset</span> <span class='ocrx_word' id='word_1_98' title='bbox 1128 570 1290 602; x_wconf 79' lang='lat' dir='ltr'>fiscellam</span> <span class='ocrx_word' id='word_1_99' title='bbox 1318 569 1356 600; x_wconf 90' lang='grc'>111</span> 
     </span>
     <span class='ocr_line' id='line_1_25' title="bbox 15 613 1357 669; baseline -0.011 -11"><span class='ocrx_word' id='word_1_100' title='bbox 15 626 167 669; x_wconf 81' lang='lat' dir='ltr'>pyrione,</span> <span class='ocrx_word' id='word_1_101' title='bbox 199 625 292 656; x_wconf 90' lang='lat' dir='ltr'>misit</span> <span class='ocrx_word' id='word_1_102' title='bbox 322 634 427 655; x_wconf 83' lang='lat' dir='ltr'>unam</span> <span class='ocrx_word' id='word_1_103' title='bbox 461 634 477 654; x_wconf 89' lang='lat' dir='ltr'>e</span> <span class='ocrx_word' id='word_1_104' title='bbox 508 620 704 653; x_wconf 75' lang='lat' dir='ltr'>famulabus</span> <span class='ocrx_word' id='word_1_105' title='bbox 735 619 817 650; x_wconf 89' lang='lat' dir='ltr'>suis:</span> <span class='ocrx_word' id='word_1_106' title='bbox 858 622 888 649; x_wconf 89' lang='lat' dir='ltr'>et</span> <span class='ocrx_word' id='word_1_107' title='bbox 923 616 1063 648; x_wconf 86' lang='lat' dir='ltr'>allatam</span> <span class='ocrx_word' id='word_1_108' title='bbox 1125 616 1152 646; x_wconf 83' lang='lat'>6.</span> <span class='ocrx_word' id='word_1_109' title='bbox 1192 613 1357 655; x_wconf 81' lang='lat' dir='ltr'>aperiens,</span> 
     </span>
     <span class='ocr_line' id='line_1_26' title="bbox 13 656 1356 714; baseline -0.011 -12"><span class='ocrx_word' id='word_1_110' title='bbox 13 679 179 714; x_wconf 77' lang='lat' dir='ltr'>ruensque</span> <span class='ocrx_word' id='word_1_111' title='bbox 195 669 230 700; x_wconf 88' lang='lat' dir='ltr'>in</span> <span class='ocrx_word' id='word_1_112' title='bbox 248 679 286 700; x_wconf 89' lang='lat' dir='ltr'>ea</span> <span class='ocrx_word' id='word_1_113' title='bbox 304 666 488 709; x_wconf 78' lang='lat' dir='ltr'>parvulum</span> <span class='ocrx_word' id='word_1_114' title='bbox 505 665 710 707; x_wconf 78' lang='lat' dir='ltr'>vagientem,</span> <span class='ocrx_word' id='word_1_115' title='bbox 736 663 873 693; x_wconf 82' lang='lat' dir='ltr'>miserta</span> <span class='ocrx_word' id='word_1_116' title='bbox 901 661 981 702; x_wconf 78' lang='lat' dir='ltr'>ejus,</span> <span class='ocrx_word' id='word_1_117' title='bbox 1006 660 1067 691; x_wconf 86' lang='lat' dir='ltr'>ait:</span> <span class='ocrx_word' id='word_1_118' title='bbox 1095 658 1144 690; x_wconf 89' lang='lat' dir='ltr'>De</span> <span class='ocrx_word' id='word_1_119' title='bbox 1164 656 1356 688; x_wconf 85' lang='lat' dir='ltr'>infantibus</span> 
     </span>
     <span class='ocr_line' id='line_1_27' title="bbox 15 701 1357 748; baseline -0.011 -2"><span class='ocrx_word' id='word_1_120' title='bbox 15 713 208 746; x_wconf 59' lang='lat' dir='ltr'>ebraeorum</span> <span class='ocrx_word' id='word_1_121' title='bbox 235 716 283 743; x_wconf 84' lang='lat' dir='ltr'>est</span> <span class='ocrx_word' id='word_1_122' title='bbox 308 711 372 742; x_wconf 84' lang='lat' dir='ltr'>hie.</span> <span class='ocrx_word' id='word_1_123' title='bbox 420 711 447 743; x_wconf 79' lang='lat'>7.</span> <span class='ocrx_word' id='word_1_124' title='bbox 477 710 538 741; x_wconf 76' lang='lat' dir='ltr'>Cui</span> <span class='ocrx_word' id='word_1_125' title='bbox 570 719 662 740; x_wconf 86' lang='lat' dir='ltr'>soror</span> <span class='ocrx_word' id='word_1_126' title='bbox 693 706 804 748; x_wconf 88' lang='lat' dir='ltr'>pueri:</span> <span class='ocrx_word' id='word_1_127' title='bbox 830 705 902 739; x_wconf 68' lang='lat' dir='ltr'>Vis.</span> <span class='ocrx_word' id='word_1_128' title='bbox 933 703 1058 746; x_wconf 81' lang='lat' dir='ltr'>iuquit,</span> <span class='ocrx_word' id='word_1_129' title='bbox 1089 706 1127 734; x_wconf 87' lang='lat' dir='ltr'>ut.</span> <span class='ocrx_word' id='word_1_130' title='bbox 1158 701 1293 740; x_wconf 80' lang='lat' dir='ltr'>vadam,</span> <span class='ocrx_word' id='word_1_131' title='bbox 1325 704 1357 732; x_wconf 87' lang='lat' dir='ltr'>et</span> 
     </span>
     <span class='ocr_line' id='line_1_28' title="bbox 15 744 1357 792; baseline -0.01 -3"><span class='ocrx_word' id='word_1_132' title='bbox 15 768 87 789; x_wconf 86' lang='lat' dir='ltr'>cem</span> <span class='ocrx_word' id='word_1_133' title='bbox 125 756 189 788; x_wconf 88' lang='lat' dir='ltr'>tibi</span> <span class='ocrx_word' id='word_1_134' title='bbox 227 755 408 787; x_wconf 79' lang='lat' dir='ltr'>mulierem</span> <span class='ocrx_word' id='word_1_135' title='bbox 440 753 645 790; x_wconf 76' lang='lat' dir='ltr'>Hebraeam,</span> <span class='ocrx_word' id='word_1_136' title='bbox 683 761 770 792; x_wconf 76' lang='lat' dir='ltr'>quae</span> <span class='ocrx_word' id='word_1_137' title='bbox 808 749 940 780; x_wconf 85' lang='lat' dir='ltr'>nutrire</span> <span class='ocrx_word' id='word_1_138' title='bbox 979 747 1083 789; x_wconf 84' lang='lat' dir='ltr'>possit</span> <span class='ocrx_word' id='word_1_139' title='bbox 1120 744 1357 777; x_wconf 75' lang='lat' dir='ltr'>infantulum?</span> 
     </span>
     <span class='ocr_line' id='line_1_29' title="bbox 45 791 1356 842; baseline -0.011 -9"><span class='ocrx_word' id='word_1_140' title='bbox 45 799 247 842; x_wconf 81' lang='lat' dir='ltr'>Respondit:</span> <span class='ocrx_word' id='word_1_141' title='bbox 294 798 399 830; x_wconf 87' lang='lat' dir='ltr'>Vade.</span> <span class='ocrx_word' id='word_1_142' title='bbox 447 796 601 829; x_wconf 76' lang='lat' dir='ltr'>Perrexit</span> <span class='ocrx_word' id='word_1_143' title='bbox 645 794 768 837; x_wconf 85' lang='lat' dir='ltr'>puella,</span> <span class='ocrx_word' id='word_1_144' title='bbox 814 797 845 824; x_wconf 90' lang='lat' dir='ltr'>et</span> <span class='ocrx_word' id='word_1_145' title='bbox 891 791 1027 824; x_wconf 76' lang='lat' dir='ltr'>vocavit</span> <span class='ocrx_word' id='word_1_146' title='bbox 1065 793 1209 821; x_wconf 85' lang='lat' dir='ltr'>matrem</span> <span class='ocrx_word' id='word_1_147' title='bbox 1249 798 1356 819; x_wconf 89' lang='lat' dir='ltr'>suam.</span> 
     </span>
     <span class='ocr_line' id='line_1_30' title="bbox 23 831 1358 886; baseline -0.01 -10"><span class='ocrx_word' id='word_1_148' title='bbox 23 844 79 876; x_wconf 87' lang='lat' dir='ltr'>Ad</span> <span class='ocrx_word' id='word_1_149' title='bbox 96 854 200 886; x_wconf 88' lang='lat' dir='ltr'>quam</span> <span class='ocrx_word' id='word_1_150' title='bbox 218 843 331 874; x_wconf 81' lang='lat' dir='ltr'>locuta</span> <span class='ocrx_word' id='word_1_151' title='bbox 348 841 420 873; x_wconf 86' lang='lat' dir='ltr'>filia</span> <span class='ocrx_word' id='word_1_152' title='bbox 436 839 640 872; x_wconf 87' lang='lat' dir='ltr'>Pharaonis:</span> <span class='ocrx_word' id='word_1_153' title='bbox 667 838 800 879; x_wconf 79' lang='lat' dir='ltr'>Accipe,</span> <span class='ocrx_word' id='word_1_154' title='bbox 827 837 884 874; x_wconf 85' lang='lat' dir='ltr'>ait,</span> <span class='ocrx_word' id='word_1_155' title='bbox 910 845 1053 877; x_wconf 83' lang='lat' dir='ltr'>puerum</span> <span class='ocrx_word' id='word_1_156' title='bbox 1072 834 1187 871; x_wconf 77' lang='lat' dir='ltr'>istum,</span> <span class='ocrx_word' id='word_1_157' title='bbox 1213 835 1243 864; x_wconf 81' lang='lat' dir='ltr'>et</span> <span class='ocrx_word' id='word_1_158' title='bbox 1261 831 1358 863; x_wconf 89' lang='lat' dir='ltr'>nutri</span> 
     </span>
     <span class='ocr_line' id='line_1_31' title="bbox 22 875 1358 930; baseline -0.01 -10"><span class='ocrx_word' id='word_1_159' title='bbox 22 888 76 920; x_wconf 90' lang='lat' dir='ltr'>hi:</span> <span class='ocrx_word' id='word_1_160' title='bbox 117 898 177 930; x_wconf 87' lang='lat' dir='ltr'>ego</span> <span class='ocrx_word' id='word_1_161' title='bbox 208 886 296 918; x_wconf 82' lang='lat' dir='ltr'>dabo</span> <span class='ocrx_word' id='word_1_162' title='bbox 327 885 389 917; x_wconf 85' lang='lat' dir='ltr'>tibi</span> <span class='ocrx_word' id='word_1_163' title='bbox 421 884 610 916; x_wconf 76' lang='lat' dir='ltr'>mercedem</span> <span class='ocrx_word' id='word_1_164' title='bbox 642 887 747 914; x_wconf 85' lang='lat' dir='ltr'>tuam.</span> <span class='ocrx_word' id='word_1_165' title='bbox 797 880 950 921; x_wconf 73' lang='lat' dir='ltr'>Suscepit</span> <span class='ocrx_word' id='word_1_166' title='bbox 981 878 1115 915; x_wconf 87' lang='lat' dir='ltr'>mulier,</span> <span class='ocrx_word' id='word_1_167' title='bbox 1147 881 1179 908; x_wconf 88' lang='lat' dir='ltr'>et</span> <span class='ocrx_word' id='word_1_168' title='bbox 1210 875 1358 907; x_wconf 88' lang='lat' dir='ltr'>nutrivit</span> 
     </span>
     <span class='ocr_line' id='line_1_32' title="bbox 21 919 1358 971; baseline -0.01 -7"><span class='ocrx_word' id='word_1_169' title='bbox 21 942 131 964; x_wconf 83' lang='lat' dir='ltr'>erum:</span> <span class='ocrx_word' id='word_1_170' title='bbox 165 930 394 971; x_wconf 72' lang='lat' dir='ltr'>adultumque</span> <span class='ocrx_word' id='word_1_171' title='bbox 421 928 563 960; x_wconf 78' lang='lat' dir='ltr'>tradidit</span> <span class='ocrx_word' id='word_1_172' title='bbox 592 926 681 958; x_wconf 81' lang='lat' dir='ltr'>filiae</span> <span class='ocrx_word' id='word_1_173' title='bbox 709 924 906 956; x_wconf 79' lang='lat' dir='ltr'>Pharaonis,</span> <span class='ocrx_word' id='word_1_174' title='bbox 954 923 1003 954; x_wconf 78' lang='lat'>10.</span> <span class='ocrx_word' id='word_1_175' title='bbox 1028 922 1138 960; x_wconf 84' lang='lat' dir='ltr'>Quem</span> <span class='ocrx_word' id='word_1_176' title='bbox 1166 920 1227 951; x_wconf 84' lang='lat' dir='ltr'>illa</span> <span class='ocrx_word' id='word_1_177' title='bbox 1255 919 1358 961; x_wconf 86' lang='lat' dir='ltr'>adop-</span> 
     </span>
     <span class='ocr_line' id='line_1_33' title="bbox 18 963 1358 1013; baseline -0.011 -5"><span class='ocrx_word' id='word_1_178' title='bbox 18 976 59 1008; x_wconf 71' lang='lat' dir='ltr'>rit</span> <span class='ocrx_word' id='word_1_179' title='bbox 84 975 121 1007; x_wconf 88' lang='lat' dir='ltr'>in</span> <span class='ocrx_word' id='word_1_180' title='bbox 148 974 262 1007; x_wconf 84' lang='lat' dir='ltr'>locum</span> <span class='ocrx_word' id='word_1_181' title='bbox 290 973 363 1011; x_wconf 80' lang='lat' dir='ltr'>filii,</span> <span class='ocrx_word' id='word_1_182' title='bbox 391 972 594 1013; x_wconf 73' lang='lat' dir='ltr'>vocavitque</span> <span class='ocrx_word' id='word_1_183' title='bbox 620 980 744 1001; x_wconf 88' lang='lat' dir='ltr'>nomen</span> <span class='ocrx_word' id='word_1_184' title='bbox 774 968 844 1008; x_wconf 72' lang='lat' dir='ltr'>ejus</span> <span class='ocrx_word' id='word_1_185' title='bbox 873 965 1031 1008; x_wconf 68' lang='lat' dir='ltr'>Moyses,5</span> <span class='ocrx_word' id='word_1_186' title='bbox 1055 965 1184 996; x_wconf 85' lang='lat' dir='ltr'>dicens:</span> <span class='ocrx_word' id='word_1_187' title='bbox 1209 963 1300 1002; x_wconf 83' lang='lat' dir='ltr'>Quia</span> <span class='ocrx_word' id='word_1_188' title='bbox 1316 963 1358 994; x_wconf 87' lang='lat' dir='ltr'>de</span> 
     </span>
     <span class='ocr_line' id='line_1_34' title="bbox 18 1009 1357 1055; baseline -0.01 -4"><span class='ocrx_word' id='word_1_189' title='bbox 18 1030 62 1051; x_wconf 89' lang='lat' dir='ltr'>ua</span> <span class='ocrx_word' id='word_1_190' title='bbox 77 1018 142 1051; x_wconf 85' lang='lat' dir='ltr'>tuli</span> <span class='ocrx_word' id='word_1_191' title='bbox 159 1029 247 1050; x_wconf 87' lang='lat' dir='ltr'>eum.</span> <span class='ocrx_word' id='word_1_192' title='bbox 295 1018 344 1049; x_wconf 84' lang='lat'>11.</span> <span class='ocrx_word' id='word_1_193' title='bbox 369 1016 410 1048; x_wconf 89' lang='lat' dir='ltr'>In</span> <span class='ocrx_word' id='word_1_194' title='bbox 436 1015 554 1047; x_wconf 88' lang='lat' dir='ltr'>diebus</span> <span class='ocrx_word' id='word_1_195' title='bbox 571 1013 657 1046; x_wconf 84' lang='lat' dir='ltr'>illis⁷</span> <span class='ocrx_word' id='word_1_196' title='bbox 681 1017 860 1055; x_wconf 80' lang='lat' dir='ltr'>postquam</span> <span class='ocrx_word' id='word_1_197' title='bbox 879 1014 1029 1043; x_wconf 79' lang='lat' dir='ltr'>creverat</span> <span class='ocrx_word' id='word_1_198' title='bbox 1046 1009 1188 1050; x_wconf 74' lang='lat' dir='ltr'>MoyseS,</span> <span class='ocrx_word' id='word_1_199' title='bbox 1205 1017 1357 1049; x_wconf 83' lang='lat' dir='ltr'>egressus</span> 
     </span>
     <span class='ocr_line' id='line_1_35' title="bbox 46 1050 1357 1101; baseline -0.011 -6"><span class='ocrx_word' id='word_1_200' title='bbox 46 1063 89 1095; x_wconf 87' lang='lat' dir='ltr'>ad</span> <span class='ocrx_word' id='word_1_201' title='bbox 116 1062 235 1094; x_wconf 87' lang='lat' dir='ltr'>fratres</span> <span class='ocrx_word' id='word_1_202' title='bbox 261 1071 351 1092; x_wconf 89' lang='lat' dir='ltr'>suos:</span> <span class='ocrx_word' id='word_1_203' title='bbox 377 1060 532 1101; x_wconf 85' lang='lat' dir='ltr'>viditque</span> <span class='ocrx_word' id='word_1_204' title='bbox 549 1057 769 1090; x_wconf 85' lang='lat' dir='ltr'>afflictionem</span> <span class='ocrx_word' id='word_1_205' title='bbox 798 1066 925 1091; x_wconf 83' lang='lat' dir='ltr'>eorum,</span> <span class='ocrx_word' id='word_1_206' title='bbox 953 1058 985 1086; x_wconf 88' lang='lat' dir='ltr'>et</span> <span class='ocrx_word' id='word_1_207' title='bbox 1011 1053 1126 1085; x_wconf 80' lang='lat' dir='ltr'>virum</span> <span class='ocrx_word' id='word_1_208' title='bbox 1145 1050 1357 1093; x_wconf 77' lang='lat' dir='ltr'>Aegyptium</span> 
     </span>
     <span class='ocr_line' id='line_1_36' title="bbox 19 1095 1357 1147; baseline -0.01 -8"><span class='ocrx_word' id='word_1_209' title='bbox 19 1107 216 1139; x_wconf 68' lang='lat' dir='ltr'>sentientem</span> <span class='ocrx_word' id='word_1_210' title='bbox 268 1104 441 1147; x_wconf 82' lang='lat' dir='ltr'>quendam</span> <span class='ocrx_word' id='word_1_211' title='bbox 481 1103 521 1134; x_wconf 89' lang='lat' dir='ltr'>de</span> <span class='ocrx_word' id='word_1_212' title='bbox 560 1101 726 1140; x_wconf 83' lang='lat' dir='ltr'>Hebraeis</span> <span class='ocrx_word' id='word_1_213' title='bbox 764 1099 926 1131; x_wconf 83' lang='lat' dir='ltr'>fratribus</span> <span class='ocrx_word' id='word_1_214' title='bbox 964 1097 1042 1129; x_wconf 88' lang='lat' dir='ltr'>suis.</span> <span class='ocrx_word' id='word_1_215' title='bbox 1104 1096 1153 1127; x_wconf 87' lang='lat'>12.</span> <span class='ocrx_word' id='word_1_216' title='bbox 1200 1095 1357 1136; x_wconf 81' lang='lat' dir='ltr'>Cumque</span> 
     </span>
     <span class='ocr_line' id='line_1_37' title="bbox 20 1141 1358 1192; baseline -0.01 -10"><span class='ocrx_word' id='word_1_217' title='bbox 20 1150 265 1192; x_wconf 55' lang='lat' dir='ltr'>&#39;cumspexisset</span> <span class='ocrx_word' id='word_1_218' title='bbox 294 1148 362 1179; x_wconf 82' lang='lat' dir='ltr'>hue</span> <span class='ocrx_word' id='word_1_219' title='bbox 389 1151 491 1189; x_wconf 85' lang='lat' dir='ltr'>atque</span> <span class='ocrx_word' id='word_1_220' title='bbox 516 1146 609 1182; x_wconf 81' lang='lat' dir='ltr'>illue,</span> <span class='ocrx_word' id='word_1_221' title='bbox 637 1149 669 1177; x_wconf 86' lang='lat' dir='ltr'>et</span> <span class='ocrx_word' id='word_1_222' title='bbox 696 1143 833 1175; x_wconf 88' lang='lat' dir='ltr'>nullum</span> <span class='ocrx_word' id='word_1_223' title='bbox 851 1142 966 1174; x_wconf 84' lang='lat' dir='ltr'>adesse</span> <span class='ocrx_word' id='word_1_224' title='bbox 982 1141 1131 1177; x_wconf 82' lang='lat' dir='ltr'>vidisset,</span> <span class='ocrx_word' id='word_1_225' title='bbox 1158 1148 1358 1181; x_wconf 83' lang='lat' dir='ltr'>percussum</span> 
     </span>
     <span class='ocr_line' id='line_1_38' title="bbox 20 1182 1356 1237; baseline -0.01 -11"><span class='ocrx_word' id='word_1_226' title='bbox 20 1192 202 1237; x_wconf 68' lang='lat' dir='ltr'>=gyptium³</span> <span class='ocrx_word' id='word_1_227' title='bbox 222 1191 399 1224; x_wconf 73' lang='lat' dir='ltr'>abscondit</span> <span class='ocrx_word' id='word_1_228' title='bbox 415 1190 543 1222; x_wconf 89' lang='lat' dir='ltr'>sabulo.</span> <span class='ocrx_word' id='word_1_229' title='bbox 584 1190 632 1221; x_wconf 83' lang='lat'>13.</span> <span class='ocrx_word' id='word_1_230' title='bbox 657 1188 701 1219; x_wconf 87' lang='lat' dir='ltr'>Et</span> <span class='ocrx_word' id='word_1_231' title='bbox 717 1197 867 1229; x_wconf 80' lang='lat' dir='ltr'>egressus</span> <span class='ocrx_word' id='word_1_232' title='bbox 884 1186 938 1217; x_wconf 88' lang='lat' dir='ltr'>die</span> <span class='ocrx_word' id='word_1_233' title='bbox 955 1185 1061 1217; x_wconf 88' lang='lat' dir='ltr'>altero</span> <span class='ocrx_word' id='word_1_234' title='bbox 1078 1183 1255 1225; x_wconf 74' lang='lat' dir='ltr'>conspexit</span> <span class='ocrx_word' id='word_1_235' title='bbox 1271 1182 1356 1213; x_wconf 88' lang='lat' dir='ltr'>duos</span> 
     </span>
     <span class='ocr_line' id='line_1_39' title="bbox 20 1225 1358 1276; baseline -0.01 -6"><span class='ocrx_word' id='word_1_236' title='bbox 20 1238 146 1270; x_wconf 53' lang='lat' dir='ltr'>{braeos</span> <span class='ocrx_word' id='word_1_237' title='bbox 171 1237 337 1268; x_wconf 77' lang='lat' dir='ltr'>rixantes:</span> <span class='ocrx_word' id='word_1_238' title='bbox 371 1235 529 1276; x_wconf 78' lang='lat' dir='ltr'>dixitque</span> <span class='ocrx_word' id='word_1_239' title='bbox 554 1233 583 1265; x_wconf 91' lang='lat' dir='ltr'>ei</span> <span class='ocrx_word' id='word_1_240' title='bbox 610 1233 668 1274; x_wconf 87' lang='lat' dir='ltr'>qui</span> <span class='ocrx_word' id='word_1_241' title='bbox 696 1231 839 1263; x_wconf 80' lang='lat' dir='ltr'>faciebat</span> <span class='ocrx_word' id='word_1_242' title='bbox 866 1229 1045 1270; x_wconf 83' lang='lat' dir='ltr'>injuriam:</span> <span class='ocrx_word' id='word_1_243' title='bbox 1071 1228 1185 1265; x_wconf 88' lang='lat' dir='ltr'>Quare</span> <span class='ocrx_word' id='word_1_244' title='bbox 1210 1225 1358 1268; x_wconf 82' lang='lat' dir='ltr'>percutis</span> 
     </span>
     <span class='ocr_line' id='line_1_40' title="bbox 21 1271 1359 1318; baseline -0.01 -5"><span class='ocrx_word' id='word_1_245' title='bbox 21 1281 171 1314; x_wconf 62' lang='lat' dir='ltr'>mimum</span> <span class='ocrx_word' id='word_1_246' title='bbox 187 1281 309 1312; x_wconf 77' lang='lat' dir='ltr'>tuum?</span> <span class='ocrx_word' id='word_1_247' title='bbox 356 1279 406 1310; x_wconf 72' lang='lat'>14.</span> <span class='ocrx_word' id='word_1_248' title='bbox 430 1278 496 1316; x_wconf 90' lang='lat' dir='ltr'>Qui</span> <span class='ocrx_word' id='word_1_249' title='bbox 517 1276 706 1318; x_wconf 80' lang='lat' dir='ltr'>respondit:</span> <span class='ocrx_word' id='word_1_250' title='bbox 731 1275 816 1313; x_wconf 86' lang='lat' dir='ltr'>Quis</span> <span class='ocrx_word' id='word_1_251' title='bbox 843 1277 875 1305; x_wconf 88' lang='lat' dir='ltr'>te</span> <span class='ocrx_word' id='word_1_252' title='bbox 903 1271 1096 1305; x_wconf 80' lang='lat' dir='ltr'>eonstituit⁹</span> <span class='ocrx_word' id='word_1_253' title='bbox 1118 1271 1309 1312; x_wconf 76' lang='lat' dir='ltr'>principem</span> <span class='ocrx_word' id='word_1_254' title='bbox 1326 1273 1359 1301; x_wconf 86' lang='lat' dir='ltr'>et</span> 
     </span>
     <span class='ocr_line' id='line_1_41' title="bbox 22 1314 1360 1366; baseline -0.01 -9"><span class='ocrx_word' id='word_1_255' title='bbox 22 1324 119 1357; x_wconf 86' lang='lat' dir='ltr'>licem</span> <span class='ocrx_word' id='word_1_256' title='bbox 137 1335 237 1366; x_wconf 87' lang='lat' dir='ltr'>super</span> <span class='ocrx_word' id='word_1_257' title='bbox 254 1323 335 1355; x_wconf 79' lang='lat' dir='ltr'>nos?</span> <span class='ocrx_word' id='word_1_258' title='bbox 359 1333 444 1354; x_wconf 86' lang='lat' dir='ltr'>num</span> <span class='ocrx_word' id='word_1_259' title='bbox 462 1321 611 1353; x_wconf 78' lang='lat' dir='ltr'>occidere</span> <span class='ocrx_word' id='word_1_260' title='bbox 632 1330 685 1350; x_wconf 89' lang='lat' dir='ltr'>me</span> <span class='ocrx_word' id='word_1_261' title='bbox 710 1323 746 1350; x_wconf 88' lang='lat' dir='ltr'>tu</span> <span class='ocrx_word' id='word_1_262' title='bbox 773 1318 834 1355; x_wconf 80' lang='lat' dir='ltr'>vis,</span> <span class='ocrx_word' id='word_1_263' title='bbox 861 1317 947 1349; x_wconf 79' lang='lat' dir='ltr'>sicut</span> <span class='ocrx_word' id='word_1_264' title='bbox 964 1316 1037 1348; x_wconf 85' lang='lat' dir='ltr'>heri</span> <span class='ocrx_word' id='word_1_265' title='bbox 1054 1314 1206 1347; x_wconf 75' lang='lat' dir='ltr'>occidisti</span> <span class='ocrx_word' id='word_1_266' title='bbox 1224 1315 1360 1355; x_wconf 79' lang='lat' dir='ltr'>Aegyp-</span> 
     </span>
     <span class='ocr_line' id='line_1_42' title="bbox 27 1356 1362 1408; baseline -0.01 -7"><span class='ocrx_word' id='word_1_267' title='bbox 27 1369 83 1401; x_wconf 85' lang='lat' dir='ltr'>m‘?</span> <span class='ocrx_word' id='word_1_268' title='bbox 118 1368 251 1400; x_wconf 85' lang='lat' dir='ltr'>Timuit</span> <span class='ocrx_word' id='word_1_269' title='bbox 278 1367 419 1408; x_wconf 74' lang='lat' dir='ltr'>Moyses,</span> <span class='ocrx_word' id='word_1_270' title='bbox 450 1369 482 1397; x_wconf 92' lang='lat' dir='ltr'>et</span> <span class='ocrx_word' id='word_1_271' title='bbox 513 1365 574 1396; x_wconf 90' lang='lat' dir='ltr'>ait:</span> <span class='ocrx_word' id='word_1_272' title='bbox 610 1362 790 1402; x_wconf 79' lang='lat' dir='ltr'>Quomodo</span> <span class='ocrx_word' id='word_1_273' title='bbox 823 1361 935 1403; x_wconf 86' lang='lat' dir='ltr'>palam</span> <span class='ocrx_word' id='word_1_274' title='bbox 972 1361 1100 1391; x_wconf 82' lang='lat' dir='ltr'>factum</span> <span class='ocrx_word' id='word_1_275' title='bbox 1132 1363 1181 1390; x_wconf 86' lang='lat' dir='ltr'>est</span> <span class='ocrx_word' id='word_1_276' title='bbox 1212 1356 1362 1389; x_wconf 81' lang='lat' dir='ltr'>verbum</span> 
     </span>
     <span class='ocr_line' id='line_1_43' title="bbox 22 1400 1359 1452; baseline -0.01 -7"><span class='ocrx_word' id='word_1_277' title='bbox 22 1412 86 1445; x_wconf 85' lang='lat' dir='ltr'>ud?</span> <span class='ocrx_word' id='word_1_278' title='bbox 132 1413 180 1444; x_wconf 82' lang='lat'>15.</span> <span class='ocrx_word' id='word_1_279' title='bbox 206 1410 420 1452; x_wconf 79' lang='lat' dir='ltr'>Audivitque</span> <span class='ocrx_word' id='word_1_280' title='bbox 446 1409 579 1440; x_wconf 84' lang='lat' dir='ltr'>Pharao</span> <span class='ocrx_word' id='word_1_281' title='bbox 604 1417 794 1439; x_wconf 88' lang='lat' dir='ltr'>sermonem</span> <span class='ocrx_word' id='word_1_282' title='bbox 820 1405 924 1442; x_wconf 82' lang='lat' dir='ltr'>hune,</span> <span class='ocrx_word' id='word_1_283' title='bbox 950 1408 981 1436; x_wconf 90' lang='lat' dir='ltr'>et</span> <span class='ocrx_word' id='word_1_284' title='bbox 1007 1402 1190 1445; x_wconf 83' lang='lat' dir='ltr'>quaerebat</span> <span class='ocrx_word' id='word_1_285' title='bbox 1207 1400 1359 1433; x_wconf 79' lang='lat' dir='ltr'>occidere</span> 
     </span>
     <span class='ocr_line' id='line_1_44' title="bbox 23 1443 1359 1499; baseline -0.009 -12"><span class='ocrx_word' id='word_1_286' title='bbox 23 1467 128 1499; x_wconf 68' lang='lat' dir='ltr'>vysen:</span> <span class='ocrx_word' id='word_1_287' title='bbox 153 1455 212 1497; x_wconf 92' lang='lat' dir='ltr'>qui</span> <span class='ocrx_word' id='word_1_288' title='bbox 229 1454 363 1496; x_wconf 81' lang='lat' dir='ltr'>fugiens</span> <span class='ocrx_word' id='word_1_289' title='bbox 380 1453 421 1485; x_wconf 89' lang='lat' dir='ltr'>de</span> <span class='ocrx_word' id='word_1_290' title='bbox 438 1455 618 1494; x_wconf 80' lang='lat' dir='ltr'>conspectu</span> <span class='ocrx_word' id='word_1_291' title='bbox 635 1451 714 1490; x_wconf 78' lang='lat' dir='ltr'>ejus,</span> <span class='ocrx_word' id='word_1_292' title='bbox 731 1453 883 1481; x_wconf 83' lang='lat' dir='ltr'>moratus</span> <span class='ocrx_word' id='word_1_293' title='bbox 900 1452 948 1480; x_wconf 88' lang='lat' dir='ltr'>est</span> <span class='ocrx_word' id='word_1_294' title='bbox 964 1448 1000 1479; x_wconf 89' lang='grc'>111</span> <span class='ocrx_word' id='word_1_295' title='bbox 1017 1452 1106 1479; x_wconf 86' lang='lat' dir='ltr'>terra</span> <span class='ocrx_word' id='word_1_296' title='bbox 1124 1443 1304 1482; x_wconf 74' lang='lat' dir='ltr'>Madian,¹⁰</span> <span class='ocrx_word' id='word_1_297' title='bbox 1326 1449 1359 1476; x_wconf 85' lang='lat' dir='ltr'>et</span> 
     </span>
     <span class='ocr_line' id='line_1_45' title="bbox 23 1488 1361 1541; baseline -0.01 -9"><span class='ocrx_word' id='word_1_298' title='bbox 23 1499 172 1541; x_wconf 83' lang='lat' dir='ltr'>litjuxta</span> <span class='ocrx_word' id='word_1_299' title='bbox 189 1503 341 1541; x_wconf 83' lang='lat' dir='ltr'>puteum.</span> <span class='ocrx_word' id='word_1_300' title='bbox 388 1497 437 1528; x_wconf 78' lang='lat'>16.</span> <span class='ocrx_word' id='word_1_301' title='bbox 463 1496 572 1527; x_wconf 84' lang='lat' dir='ltr'>Erant</span> <span class='ocrx_word' id='word_1_302' title='bbox 599 1499 713 1527; x_wconf 83' lang='lat' dir='ltr'>autem</span> <span class='ocrx_word' id='word_1_303' title='bbox 731 1491 923 1525; x_wconf 79' lang='lat' dir='ltr'>sacerdotill</span> <span class='ocrx_word' id='word_1_304' title='bbox 954 1491 1094 1523; x_wconf 85' lang='lat' dir='ltr'>Madian</span> <span class='ocrx_word' id='word_1_305' title='bbox 1113 1493 1239 1531; x_wconf 87' lang='lat' dir='ltr'>septem</span> <span class='ocrx_word' id='word_1_306' title='bbox 1258 1488 1361 1527; x_wconf 85' lang='lat' dir='ltr'>filiae,</span> 
     </span>
     <span class='ocr_line' id='line_1_46' title="bbox 23 1532 1359 1580; baseline -0.01 -4"><span class='ocrx_word' id='word_1_307' title='bbox 23 1554 62 1576; x_wconf 85' lang='lat' dir='ltr'>ae</span> <span class='ocrx_word' id='word_1_308' title='bbox 77 1546 247 1576; x_wconf 83' lang='lat' dir='ltr'>venerunt</span> <span class='ocrx_word' id='word_1_309' title='bbox 274 1541 317 1573; x_wconf 86' lang='lat' dir='ltr'>ad</span> <span class='ocrx_word' id='word_1_310' title='bbox 345 1540 571 1572; x_wconf 84' lang='lat' dir='ltr'>hauriendam</span> <span class='ocrx_word' id='word_1_311' title='bbox 598 1549 739 1580; x_wconf 85' lang='lat' dir='ltr'>aquam:</span> <span class='ocrx_word' id='word_1_312' title='bbox 764 1541 796 1568; x_wconf 88' lang='lat' dir='ltr'>et</span> <span class='ocrx_word' id='word_1_313' title='bbox 822 1535 974 1578; x_wconf 87' lang='lat' dir='ltr'>impletis</span> <span class='ocrx_word' id='word_1_314' title='bbox 990 1533 1168 1567; x_wconf 82' lang='lat' dir='ltr'>canalibus</span> <span class='ocrx_word' id='word_1_315' title='bbox 1185 1532 1359 1574; x_wconf 86' lang='lat' dir='ltr'>adaquare</span> 
     </span>
     <span class='ocr_line' id='line_1_47' title="bbox 42 1578 1357 1629; baseline -0.009 -10"><span class='ocrx_word' id='word_1_316' title='bbox 42 1587 158 1619; x_wconf 86' lang='lat' dir='ltr'>iebant</span> <span class='ocrx_word' id='word_1_317' title='bbox 174 1596 290 1629; x_wconf 84' lang='lat' dir='ltr'>greges</span> <span class='ocrx_word' id='word_1_318' title='bbox 306 1584 412 1627; x_wconf 86' lang='lat' dir='ltr'>patris</span> <span class='ocrx_word' id='word_1_319' title='bbox 427 1583 488 1615; x_wconf 88' lang='lat' dir='ltr'>sui.</span> <span class='ocrx_word' id='word_1_320' title='bbox 536 1584 585 1615; x_wconf 80' lang='lat'>17.</span> <span class='ocrx_word' id='word_1_321' title='bbox 609 1583 842 1624; x_wconf 83' lang='lat' dir='ltr'>Supervenere</span> <span class='ocrx_word' id='word_1_322' title='bbox 858 1584 1016 1622; x_wconf 78' lang='lat' dir='ltr'>pastores,</span> <span class='ocrx_word' id='word_1_323' title='bbox 1044 1582 1076 1610; x_wconf 90' lang='lat' dir='ltr'>et</span> <span class='ocrx_word' id='word_1_324' title='bbox 1102 1578 1272 1618; x_wconf 86' lang='lat' dir='ltr'>ejecerunt</span> <span class='ocrx_word' id='word_1_325' title='bbox 1289 1586 1357 1607; x_wconf 91' lang='lat' dir='ltr'>eas:</span> 
     </span>
     <span class='ocr_line' id='line_1_48' title="bbox 24 1622 1358 1672; baseline -0.01 -9"><span class='ocrx_word' id='word_1_326' title='bbox 24 1631 190 1672; x_wconf 62' lang='lat' dir='ltr'>frexitque</span> <span class='ocrx_word' id='word_1_327' title='bbox 227 1627 398 1671; x_wconf 74' lang='lat' dir='ltr'>Moyse5‚¹²</span> <span class='ocrx_word' id='word_1_328' title='bbox 442 1631 474 1659; x_wconf 88' lang='lat' dir='ltr'>et</span> <span class='ocrx_word' id='word_1_329' title='bbox 513 1626 658 1658; x_wconf 88' lang='lat' dir='ltr'>defensis</span> <span class='ocrx_word' id='word_1_330' title='bbox 696 1625 829 1666; x_wconf 86' lang='lat' dir='ltr'>puellis,</span> <span class='ocrx_word' id='word_1_331' title='bbox 868 1622 1057 1665; x_wconf 83' lang='lat' dir='ltr'>adaquavit</span> <span class='ocrx_word' id='word_1_332' title='bbox 1105 1632 1183 1652; x_wconf 83' lang='lat' dir='ltr'>oves</span> <span class='ocrx_word' id='word_1_333' title='bbox 1229 1630 1358 1651; x_wconf 88' lang='lat' dir='ltr'>earum.</span> 
     </span>
     <span class='ocr_line' id='line_1_49' title="bbox 49 1663 1360 1713; baseline -0.009 -7"><span class='ocrx_word' id='word_1_334' title='bbox 49 1674 144 1713; x_wconf 89' lang='lat' dir='ltr'>Quae</span> <span class='ocrx_word' id='word_1_335' title='bbox 160 1684 237 1705; x_wconf 82' lang='lat' dir='ltr'>eum</span> <span class='ocrx_word' id='word_1_336' title='bbox 256 1672 471 1704; x_wconf 84' lang='lat' dir='ltr'>revertissent</span> <span class='ocrx_word' id='word_1_337' title='bbox 487 1671 529 1702; x_wconf 86' lang='lat' dir='ltr'>ad</span> <span class='ocrx_word' id='word_1_338' title='bbox 548 1668 709 1711; x_wconf 79' lang='lat' dir='ltr'>Raguel¹3</span> <span class='ocrx_word' id='word_1_339' title='bbox 732 1672 862 1710; x_wconf 86' lang='lat' dir='ltr'>patrem</span> <span class='ocrx_word' id='word_1_340' title='bbox 891 1678 1002 1704; x_wconf 81' lang='lat' dir='ltr'>suum,</span> <span class='ocrx_word' id='word_1_341' title='bbox 1031 1665 1120 1697; x_wconf 85' lang='lat' dir='ltr'>dixit</span> <span class='ocrx_word' id='word_1_342' title='bbox 1136 1665 1178 1696; x_wconf 89' lang='lat' dir='ltr'>ad</span> <span class='ocrx_word' id='word_1_343' title='bbox 1197 1674 1265 1695; x_wconf 87' lang='lat' dir='ltr'>eas:</span> <span class='ocrx_word' id='word_1_344' title='bbox 1290 1663 1360 1695; x_wconf 86' lang='lat' dir='ltr'>Cur</span> 
     </span>
     <span class='ocr_line' id='line_1_50' title="bbox 26 1707 1360 1755; baseline -0.009 -5"><span class='ocrx_word' id='word_1_345' title='bbox 26 1718 124 1751; x_wconf 75' lang='lat' dir='ltr'>ocius</span> <span class='ocrx_word' id='word_1_346' title='bbox 154 1716 295 1750; x_wconf 84' lang='lat' dir='ltr'>venistis</span> <span class='ocrx_word' id='word_1_347' title='bbox 325 1715 444 1747; x_wconf 75' lang='lat' dir='ltr'>solito?</span> <span class='ocrx_word' id='word_1_348' title='bbox 491 1715 539 1746; x_wconf 80' lang='lat'>19.</span> <span class='ocrx_word' id='word_1_349' title='bbox 573 1713 849 1755; x_wconf 83' lang='lat' dir='ltr'>Responderunt:</span> <span class='ocrx_word' id='word_1_350' title='bbox 882 1711 947 1742; x_wconf 77' lang='lat' dir='ltr'>Vir</span> <span class='ocrx_word' id='word_1_351' title='bbox 978 1709 1168 1751; x_wconf 74' lang='lat' dir='ltr'>Aegyptius</span> <span class='ocrx_word' id='word_1_352' title='bbox 1199 1707 1360 1739; x_wconf 85' lang='lat' dir='ltr'>liberavit</span> 
     </span>
     <span class='ocr_line' id='line_1_51' title="bbox 26 1753 1358 1803; baseline -0.01 -9"><span class='ocrx_word' id='word_1_353' title='bbox 26 1771 38 1794; x_wconf 78' lang='lat' dir='ltr'>s</span> <span class='ocrx_word' id='word_1_354' title='bbox 53 1762 94 1794; x_wconf 89' lang='lat' dir='ltr'>de</span> <span class='ocrx_word' id='word_1_355' title='bbox 111 1771 217 1793; x_wconf 86' lang='lat' dir='ltr'>manu</span> <span class='ocrx_word' id='word_1_356' title='bbox 235 1763 423 1803; x_wconf 84' lang='lat' dir='ltr'>pastorum:</span> <span class='ocrx_word' id='word_1_357' title='bbox 448 1758 588 1799; x_wconf 87' lang='lat' dir='ltr'>insuper</span> <span class='ocrx_word' id='word_1_358' title='bbox 613 1761 644 1789; x_wconf 85' lang='lat' dir='ltr'>et</span> <span class='ocrx_word' id='word_1_359' title='bbox 670 1756 785 1788; x_wconf 84' lang='lat' dir='ltr'>hausit</span> <span class='ocrx_word' id='word_1_360' title='bbox 809 1765 936 1797; x_wconf 85' lang='lat' dir='ltr'>aquam</span> <span class='ocrx_word' id='word_1_361' title='bbox 954 1753 1143 1791; x_wconf 83' lang='lat' dir='ltr'>nobiscum,</span> <span class='ocrx_word' id='word_1_362' title='bbox 1169 1753 1358 1794; x_wconf 85' lang='lat' dir='ltr'>potumque</span> 
     </span>
     <span class='ocr_line' id='line_1_52' title="bbox 28 1794 1358 1842; baseline -0.009 -5"><span class='ocrx_word' id='word_1_363' title='bbox 28 1805 71 1838; x_wconf 78' lang='lat' dir='ltr'>iit</span> <span class='ocrx_word' id='word_1_364' title='bbox 87 1805 217 1837; x_wconf 88' lang='lat' dir='ltr'>ovibus.</span> <span class='ocrx_word' id='word_1_365' title='bbox 264 1804 314 1835; x_wconf 83' lang='lat'>20.</span> <span class='ocrx_word' id='word_1_366' title='bbox 338 1803 384 1834; x_wconf 92' lang='lat' dir='ltr'>At</span> <span class='ocrx_word' id='word_1_367' title='bbox 407 1802 480 1834; x_wconf 88' lang='lat' dir='ltr'>ille:</span> <span class='ocrx_word' id='word_1_368' title='bbox 506 1801 573 1834; x_wconf 84' lang='lat' dir='ltr'>Ubi</span> <span class='ocrx_word' id='word_1_369' title='bbox 597 1801 668 1833; x_wconf 85' lang='lat' dir='ltr'>est‘?</span> <span class='ocrx_word' id='word_1_370' title='bbox 693 1799 816 1842; x_wconf 82' lang='lat' dir='ltr'>inquit,</span> <span class='ocrx_word' id='word_1_371' title='bbox 834 1799 946 1837; x_wconf 88' lang='lat' dir='ltr'>Quare</span> <span class='ocrx_word' id='word_1_372' title='bbox 963 1796 1141 1829; x_wconf 85' lang='lat' dir='ltr'>dimisistis</span> <span class='ocrx_word' id='word_1_373' title='bbox 1157 1794 1358 1826; x_wconf 82' lang='lat' dir='ltr'>hominem?</span> 
     </span>
     <span class='ocr_line' id='line_1_53' title="bbox 27 1838 1360 1887; baseline -0.009 -6"><span class='ocrx_word' id='word_1_374' title='bbox 27 1853 93 1881; x_wconf 61' lang='lat' dir='ltr'>sate</span> <span class='ocrx_word' id='word_1_375' title='bbox 120 1859 209 1887; x_wconf 87' lang='lat' dir='ltr'>eum,</span> <span class='ocrx_word' id='word_1_376' title='bbox 225 1851 264 1879; x_wconf 88' lang='lat' dir='ltr'>ut</span> <span class='ocrx_word' id='word_1_377' title='bbox 290 1846 444 1879; x_wconf 82' lang='lat' dir='ltr'>comedat</span> <span class='ocrx_word' id='word_1_378' title='bbox 468 1856 602 1887; x_wconf 84' lang='lat' dir='ltr'>panem.</span> <span class='ocrx_word' id='word_1_379' title='bbox 649 1845 698 1875; x_wconf 90' lang='lat'>21.</span> <span class='ocrx_word' id='word_1_380' title='bbox 723 1842 888 1875; x_wconf 67' lang='lat' dir='ltr'>Juravit¹4</span> <span class='ocrx_word' id='word_1_381' title='bbox 912 1852 990 1883; x_wconf 86' lang='lat' dir='ltr'>ergo</span> <span class='ocrx_word' id='word_1_382' title='bbox 1007 1841 1139 1882; x_wconf 73' lang='lat' dir='ltr'>Moyses</span> <span class='ocrx_word' id='word_1_383' title='bbox 1155 1838 1246 1881; x_wconf 89' lang='lat' dir='ltr'>quod</span> <span class='ocrx_word' id='word_1_384' title='bbox 1263 1838 1360 1869; x_wconf 86' lang='lat' dir='ltr'>habi-</span> 
     </span>
     <span class='ocr_line' id='line_1_54' title="bbox 31 1883 1360 1931; baseline -0.009 -6"><span class='ocrx_word' id='word_1_385' title='bbox 31 1896 63 1925; x_wconf 80' lang='lat' dir='ltr'>et</span> <span class='ocrx_word' id='word_1_386' title='bbox 93 1903 171 1924; x_wconf 87' lang='lat' dir='ltr'>eum</span> <span class='ocrx_word' id='word_1_387' title='bbox 202 1902 249 1923; x_wconf 85' lang='lat' dir='ltr'>eo.</span> <span class='ocrx_word' id='word_1_388' title='bbox 296 1890 503 1931; x_wconf 81' lang='lat' dir='ltr'>Accepitque</span> <span class='ocrx_word' id='word_1_389' title='bbox 527 1888 713 1930; x_wconf 82' lang='lat' dir='ltr'>Sephoram</span> <span class='ocrx_word' id='word_1_390' title='bbox 740 1887 846 1918; x_wconf 87' lang='lat' dir='ltr'>filiam</span> <span class='ocrx_word' id='word_1_391' title='bbox 876 1885 946 1927; x_wconf 83' lang='lat' dir='ltr'>ejus</span> <span class='ocrx_word' id='word_1_392' title='bbox 978 1895 1136 1916; x_wconf 84' lang='lat' dir='ltr'>uxorem:</span> <span class='ocrx_word' id='word_1_393' title='bbox 1183 1883 1232 1914; x_wconf 90' lang='lat'>22.</span> <span class='ocrx_word' id='word_1_394' title='bbox 1271 1892 1360 1924; x_wconf 85' lang='lat' dir='ltr'>quae</span> 
     </span>
     <span class='ocr_line' id='line_1_55' title="bbox 29 1926 1360 1980; baseline -0.009 -12"><span class='ocrx_word' id='word_1_395' title='bbox 29 1936 106 1980; x_wconf 63' lang='lat' dir='ltr'>perit</span> <span class='ocrx_word' id='word_1_396' title='bbox 133 1935 162 1968; x_wconf 88' lang='lat' dir='ltr'>ei</span> <span class='ocrx_word' id='word_1_397' title='bbox 191 1935 314 1973; x_wconf 85' lang='lat' dir='ltr'>filium,</span> <span class='ocrx_word' id='word_1_398' title='bbox 341 1944 443 1976; x_wconf 87' lang='lat' dir='ltr'>quem</span> <span class='ocrx_word' id='word_1_399' title='bbox 460 1932 595 1964; x_wconf 79' lang='lat' dir='ltr'>vocavit</span> <span class='ocrx_word' id='word_1_400' title='bbox 611 1930 789 1969; x_wconf 51' lang='lat' dir='ltr'>Gessamstf’</span> <span class='ocrx_word' id='word_1_401' title='bbox 813 1930 942 1961; x_wconf 82' lang='lat' dir='ltr'>dicens:</span> <span class='ocrx_word' id='word_1_402' title='bbox 968 1928 1111 1960; x_wconf 72' lang='lat' dir='ltr'>Advena</span> <span class='ocrx_word' id='word_1_403' title='bbox 1128 1926 1177 1958; x_wconf 88' lang='lat' dir='ltr'>fui</span> <span class='ocrx_word' id='word_1_404' title='bbox 1206 1927 1242 1957; x_wconf 87' lang='grc'>111</span> <span class='ocrx_word' id='word_1_405' title='bbox 1270 1929 1360 1957; x_wconf 84' lang='lat' dir='ltr'>terra</span> 
     </span>
     <span class='ocr_line' id='line_1_56' title="bbox 29 1969 1360 2018; baseline -0.009 -6"><span class='ocrx_word' id='word_1_406' title='bbox 29 1990 100 2012; x_wconf 84' lang='lat' dir='ltr'>ena.</span> <span class='ocrx_word' id='word_1_407' title='bbox 146 1978 302 2010; x_wconf 88' lang='lat' dir='ltr'>Alterum</span> <span class='ocrx_word' id='word_1_408' title='bbox 320 1988 399 2009; x_wconf 86' lang='lat' dir='ltr'>vero</span> <span class='ocrx_word' id='word_1_409' title='bbox 416 1976 554 2018; x_wconf 73' lang='lat' dir='ltr'>peperit,</span> <span class='ocrx_word' id='word_1_410' title='bbox 571 1986 673 2018; x_wconf 83' lang='lat' dir='ltr'>quem</span> <span class='ocrx_word' id='word_1_411' title='bbox 691 1974 826 2006; x_wconf 80' lang='lat' dir='ltr'>vocavit</span> <span class='ocrx_word' id='word_1_412' title='bbox 843 1973 981 2009; x_wconf 85' lang='lat' dir='ltr'>Eliezer,</span> <span class='ocrx_word' id='word_1_413' title='bbox 1003 1972 1132 2003; x_wconf 85' lang='lat' dir='ltr'>dicens:</span> <span class='ocrx_word' id='word_1_414' title='bbox 1159 1970 1249 2002; x_wconf 90' lang='lat' dir='ltr'>Deus</span> <span class='ocrx_word' id='word_1_415' title='bbox 1266 1969 1360 2001; x_wconf 88' lang='lat' dir='ltr'>enim</span> 
     </span>
     <span class='ocr_line' id='line_1_57' title="bbox 39 2013 1362 2063; baseline -0.009 -8"><span class='ocrx_word' id='word_1_416' title='bbox 39 2023 84 2055; x_wconf 87' lang='lat' dir='ltr'>ris</span> <span class='ocrx_word' id='word_1_417' title='bbox 114 2022 181 2055; x_wconf 86' lang='lat' dir='ltr'>mei</span> <span class='ocrx_word' id='word_1_418' title='bbox 213 2022 348 2063; x_wconf 86' lang='lat' dir='ltr'>adjutor</span> <span class='ocrx_word' id='word_1_419' title='bbox 378 2031 473 2052; x_wconf 83' lang='lat' dir='ltr'>meus</span> <span class='ocrx_word' id='word_1_420' title='bbox 504 2020 630 2061; x_wconf 78' lang='lat' dir='ltr'>eripuit</span> <span class='ocrx_word' id='word_1_421' title='bbox 660 2029 714 2050; x_wconf 89' lang='lat' dir='ltr'>me</span> <span class='ocrx_word' id='word_1_422' title='bbox 745 2018 786 2049; x_wconf 90' lang='lat' dir='ltr'>de</span> <span class='ocrx_word' id='word_1_423' title='bbox 818 2028 923 2049; x_wconf 84' lang='lat' dir='ltr'>manu</span> <span class='ocrx_word' id='word_1_424' title='bbox 956 2015 1154 2048; x_wconf 81' lang='lat' dir='ltr'>Pharaonis.</span> <span class='ocrx_word' id='word_1_425' title='bbox 1200 2014 1250 2045; x_wconf 81' lang='lat'>23.</span> <span class='ocrx_word' id='word_1_426' title='bbox 1282 2013 1362 2044; x_wconf 85' lang='lat' dir='ltr'>Post</span> 
     </span>
     <span class='ocr_line' id='line_1_58' title="bbox 43 2056 1362 2106; baseline -0.009 -7"><span class='ocrx_word' id='word_1_427' title='bbox 43 2066 130 2099; x_wconf 79' lang='lat' dir='ltr'>itum</span> <span class='ocrx_word' id='word_1_428' title='bbox 147 2076 226 2098; x_wconf 86' lang='lat' dir='ltr'>vero</span> <span class='ocrx_word' id='word_1_429' title='bbox 242 2065 403 2106; x_wconf 82' lang='lat' dir='ltr'>temporis</span> <span class='ocrx_word' id='word_1_430' title='bbox 431 2067 585 2095; x_wconf 84' lang='lat' dir='ltr'>mortuus</span> <span class='ocrx_word' id='word_1_431' title='bbox 612 2066 661 2094; x_wconf 86' lang='lat' dir='ltr'>est</span> <span class='ocrx_word' id='word_1_432' title='bbox 687 2073 745 2094; x_wconf 88' lang='lat' dir='ltr'>rex</span> <span class='ocrx_word' id='word_1_433' title='bbox 774 2060 937 2103; x_wconf 79' lang='lat' dir='ltr'>Aegypti:</span> <span class='ocrx_word' id='word_1_434' title='bbox 962 2063 994 2091; x_wconf 88' lang='lat' dir='ltr'>et</span> <span class='ocrx_word' id='word_1_435' title='bbox 1021 2059 1281 2100; x_wconf 79' lang='lat' dir='ltr'>ingemiscentes</span> <span class='ocrx_word' id='word_1_436' title='bbox 1297 2056 1362 2088; x_wconf 87' lang='lat' dir='ltr'>filii</span> 
     </span>
     <span class='ocr_line' id='line_1_59' title="bbox 35 2099 1363 2151; baseline -0.009 -8"><span class='ocrx_word' id='word_1_437' title='bbox 35 2110 96 2149; x_wconf 80' lang='lat' dir='ltr'>ael,</span> <span class='ocrx_word' id='word_1_438' title='bbox 127 2113 262 2151; x_wconf 86' lang='lat' dir='ltr'>propter</span> <span class='ocrx_word' id='word_1_439' title='bbox 293 2119 393 2150; x_wconf 84' lang='lat' dir='ltr'>opera</span> <span class='ocrx_word' id='word_1_440' title='bbox 424 2106 597 2139; x_wconf 76' lang='lat' dir='ltr'>vociferati</span> <span class='ocrx_word' id='word_1_441' title='bbox 629 2109 723 2137; x_wconf 87' lang='lat' dir='ltr'>sunt:</span> <span class='ocrx_word' id='word_1_442' title='bbox 759 2104 979 2146; x_wconf 82' lang='lat' dir='ltr'>ascenditque</span> <span class='ocrx_word' id='word_1_443' title='bbox 1010 2103 1139 2135; x_wconf 87' lang='lat' dir='ltr'>elamor</span> <span class='ocrx_word' id='word_1_444' title='bbox 1169 2111 1286 2133; x_wconf 88' lang='lat' dir='ltr'>eorum</span> <span class='ocrx_word' id='word_1_445' title='bbox 1319 2099 1363 2131; x_wconf 88' lang='lat' dir='ltr'>ad</span> 
     </span>
     <span class='ocr_line' id='line_1_60' title="bbox 32 2145 1365 2195; baseline -0.009 -9"><span class='ocrx_word' id='word_1_446' title='bbox 32 2163 94 2186; x_wconf 85' lang='lat' dir='ltr'>um</span> <span class='ocrx_word' id='word_1_447' title='bbox 110 2153 152 2185; x_wconf 84' lang='lat' dir='ltr'>ab</span> <span class='ocrx_word' id='word_1_448' title='bbox 169 2152 336 2195; x_wconf 85' lang='lat' dir='ltr'>operibus.</span> <span class='ocrx_word' id='word_1_449' title='bbox 382 2151 432 2183; x_wconf 81' lang='lat'>24.</span> <span class='ocrx_word' id='word_1_450' title='bbox 456 2150 500 2182; x_wconf 86' lang='lat' dir='ltr'>Et</span> <span class='ocrx_word' id='word_1_451' title='bbox 526 2150 663 2182; x_wconf 80' lang='lat' dir='ltr'>audivit</span> <span class='ocrx_word' id='word_1_452' title='bbox 689 2149 857 2191; x_wconf 83' lang='lat' dir='ltr'>gemitum</span> <span class='ocrx_word' id='word_1_453' title='bbox 885 2158 1013 2185; x_wconf 89' lang='lat' dir='ltr'>eorum,</span> <span class='ocrx_word' id='word_1_454' title='bbox 1040 2157 1079 2178; x_wconf 85' lang='lat' dir='ltr'>ae</span> <span class='ocrx_word' id='word_1_455' title='bbox 1106 2145 1300 2177; x_wconf 85' lang='lat' dir='ltr'>recordatus</span> <span class='ocrx_word' id='word_1_456' title='bbox 1315 2147 1365 2175; x_wconf 86' lang='lat' dir='ltr'>est</span> 
     </span>
     <span class='ocr_line' id='line_1_61' title="bbox 37 2186 1366 2239; baseline -0.008 -10"><span class='ocrx_word' id='word_1_457' title='bbox 37 2196 124 2229; x_wconf 82' lang='lat' dir='ltr'>deris</span> <span class='ocrx_word' id='word_1_458' title='bbox 146 2196 238 2239; x_wconf 87' lang='lat' dir='ltr'>quod</span> <span class='ocrx_word' id='word_1_459' title='bbox 265 2195 394 2238; x_wconf 81' lang='lat' dir='ltr'>pepigit</span> <span class='ocrx_word' id='word_1_460' title='bbox 410 2205 487 2226; x_wconf 87' lang='lat' dir='ltr'>cum</span> <span class='ocrx_word' id='word_1_461' title='bbox 506 2193 694 2231; x_wconf 83' lang='lat' dir='ltr'>Abraham,</span> <span class='ocrx_word' id='word_1_462' title='bbox 722 2192 826 2232; x_wconf 87' lang='lat' dir='ltr'>Isaae,</span> <span class='ocrx_word' id='word_1_463' title='bbox 853 2195 885 2224; x_wconf 85' lang='lat' dir='ltr'>et</span> <span class='ocrx_word' id='word_1_464' title='bbox 912 2190 1026 2224; x_wconf 83' lang='lat' dir='ltr'>Jacob.</span> <span class='ocrx_word' id='word_1_465' title='bbox 1072 2190 1122 2221; x_wconf 88' lang='lat'>25.</span> <span class='ocrx_word' id='word_1_466' title='bbox 1147 2188 1191 2220; x_wconf 88' lang='lat' dir='ltr'>Et</span> <span class='ocrx_word' id='word_1_467' title='bbox 1218 2186 1366 2230; x_wconf 76' lang='lat' dir='ltr'>respexit</span> 
     </span>
     <span class='ocr_line' id='line_1_62' title="bbox 33 2235 711 2280; baseline -0.004 -9"><span class='ocrx_word' id='word_1_468' title='bbox 33 2241 154 2273; x_wconf 66' lang='lat' dir='ltr'>‚minus</span> <span class='ocrx_word' id='word_1_469' title='bbox 170 2239 258 2272; x_wconf 87' lang='lat' dir='ltr'>filios</span> <span class='ocrx_word' id='word_1_470' title='bbox 275 2238 378 2272; x_wconf 83' lang='lat' dir='ltr'>Israel</span> <span class='ocrx_word' id='word_1_471' title='bbox 395 2241 428 2271; x_wconf 84' lang='lat' dir='ltr'>et</span> <span class='ocrx_word' id='word_1_472' title='bbox 443 2237 603 2280; x_wconf 74' lang='lat' dir='ltr'>cognovit</span> <span class='ocrx_word' id='word_1_473' title='bbox 619 2235 711 2269; x_wconf 77' lang='lat' dir='ltr'>eos.¹⁶</span> 
     </span>
    </p>
   </div>
  </div>
 </body>
</html>
