1541 2540
1354 32 1410 63 591

24 168 189 206 exercitui
203 164 341 202 cibaria,
357 164 390 195 ct
402 158 571 203 possimus
584 162 739 198 pugnare
752 151 869 183 contra
882 144 1000 179 Gabaa
1013 138 1207 181 Beniamin,
1224 137 1256 167 et
1272 131 1413 166 reddere

25 216 57 249 ei
87 224 148 258 pro
179 210 311 247 scelere,
342 204 435 248 quod
466 204 624 234 meretur.
672 197 722 228 11.
757 190 996 231 Convenitque
1028 184 1209 217 universus
1238 175 1342 210 Israel
1370 173 1414 207 ad

27 254 230 295 011111010111,4
262 251 360 295 quasi
386 249 490 280 homo
515 254 605 277 unus
630 240 749 274 eadem
775 240 898 272 mente,
930 240 1067 272 unoque
1092 224 1242 259 consiliO.
1290 221 1338 252 12.
1372 218 1417 250 Et

28 303 198 336 miserunt
229 295 370 329 nuntios
401 291 443 324 ad
475 297 613 322 omnem
645 284 775 317 tribum
808 274 1018 318 Benjainiii‚⁵
1056 271 1116 314 qui
1148 269 1313 300 dicerent:
1349 262 1419 294 Cur

29 350 168 380 tantum
192 342 287 374 nefas
312 339 349 370 in
374 335 472 369 vobis
497 334 668 374 repertum
695 327 763 359 est?
810 324 859 355 13.
884 319 1023 352 Tradite
1044 313 1201 347 homines
1226 310 1267 341 ‹le
1292 306 1420 344 Gabaa,

31 390 93 433 qui
117 389 182 420 hoc
207 383 378 426 flagitium
406 377 654 421 perpetrarunt,
826 367 830 372 '

32 432 147 467 Israel.
178 429 246 468 Qui
263 426 450 459 noluerunt
466 422 611 452 fratrum
629 424 769 448 suorum
783 411 935 443 tiliorum
949 404 1053 438 Israel
1068 401 1188 434 audire
1200 395 1421 429 mandatum:

33 478 85 510 14.
109 474 166 508 sed
183 484 225 506 ex
242 469 372 504 cunctis
386 465 538 502 urbibus,
555 471 643 504 quae
656 458 753 490 sortis
770 465 850 487 suae
867 456 972 488 erant,
989 446 1224 481 convenerunt
1240 441 1277 472 in
1295 437 1424 474 Gabaa,

35 525 74 554 ut
90 519 159 552 illis
184 518 310 549 ferrent
336 510 520 546 auxilium,
548 510 579 538 et
605 509 722 536 contra
747 499 950 532 universum
975 490 1144 535 populum
1162 484 1266 518 Israel
1284 481 1425 514 dimica-

35 567 121 598 rent.
176 561 226 593 15.
272 555 480 596 Inventique
518 552 599 582 sunt
637 544 762 587 viginti
802 541 957 584 quinque
996 534 1107 568 millia
1145 531 1186 562 de
1225 521 1427 567 130111111111116

37 605 258 642 educentium
284 599 451 643 gladium,
482 597 614 638 praeter
642 590 850 622 habitatores
878 582 1004 616 Gabaa,
1050 578 1100 609 16.
1134 574 1194 616 qui
1220 566 1428 613 septingenti

39 654 138 685 erant
153 648 220 681 viri
236 642 422 680 fortissimi,
450 640 498 672 ita
525 637 663 670 sinistra
690 637 729 664 ut
757 631 897 662 dextera
918 619 1153 668 proeliantes:⁷
1178 621 1210 649 et
1237 616 1284 647 sic
1311 610 1429 644 fundis

40 694 172 738 lapides
197 690 240 724 ad
266 691 396 721 certum
418 679 608 727 jacientes,S
630 682 669 710 ut
694 674 859 717 capillum
887 678 1023 712 quoquc
1048 665 1183 708 possent
1200 661 1382 703 percutere,
1398 656 1431 686 et

39 745 264 781 nequaquam
290 733 327 764 in
352 730 495 762 alteram
522 727 652 767 partem
679 721 765 752 ictus
792 715 916 758 lapidis
942 712 1137 744 deferretur.
1184 706 1234 736 17.
1266 701 1433 733 Virorum

44 790 181 826 quoque
198 776 313 815 Israel,
335 774 462 815 absque
480 770 560 802 liliis
578 764 771 807 Benjainin,
796 761 937 792 inventa
954 759 1034 787 sunt
1051 749 1305 794 quadringenta
1321 741 1435 775 millia

45 823 266 860 educentium
298 818 440 861 gladios,
478 817 510 846 et
548 823 619 858 pap·
635 815 747 841 torum
779 805 822 837 ad
854 810 1018 844 pugnam.
1064 797 1114 828 18.
1153 792 1220 831 Qui
1260 789 1436 829 surgentes

47 870 218 903 venerunt
243 865 280 897 in
312 862 455 894 domum
487 856 549 889 Dei
588 864 655 886 voc
687 856 745 889 est,
775 849 812 880 in
844 843 946 879 Silo:⁹
974 839 1289 876 consulueruntque
1315 832 1437 867 Deum,

49 917 152 955 atque
169 910 347 942 dixerunt:
373 903 457 943 Quis
483 901 547 933 erit
571 909 609 930 111
635 895 785 928 0110101111
803 894 917 923 nostro
934 887 1091 930 princeps
1108 877 1305 914 certaminis
1321 877 1440 907 contra

47 957 138 991 filios
168 950 373 994 Benjaniin‘?
409 945 543 985 Quibus
574 938 747 983 respondit
781 934 964 967 Dominus:
1000 928 1108 961 Judas
1139 925 1181 957 sit
1213 922 1286 954 dux
1316 921 1436 950 vester.

51 1002 102 1034 19.
126 997 319 1037 Statimque
336 992 399 1025 filii
418 988 522 1022 Israel
535 987 710 1027 surgentes
724 990 834 1017 mane,
852 971 1080 1009 castrametati
1097 972 1177 1001 sunt
1190 967 1292 1008 juxta
1308 961 1441 994 Gabaa:

53 1045 104 1077 20.
128 1046 161 1075 et
187 1040 268 1073 inde
284 1035 503 1081 procedentes
519 1031 562 1063 ad
580 1037 734 1072 pugnam
752 1027 868 1056 contra
887 1016 1079 1060 Eenjamin,
1104 1012 1224 1045 urbem
1242 1013 1443 1050 oppugnare

54 1087 247 1130 coeperunt.
293 1083 343 1114 21.
368 1076 572 1120 Egressique
588 1072 650 1105 filii
670 1067 853 1110 Benjamin
870 1064 911 1096 de
939 1061 1065 1097 Gabaa,
1092 1055 1288 1089 occiderunt
1306 1050 1347 1081 de
1363 1047 1444 1080 filiis

55 1130 162 1165 Israel
188 1128 243 1161 die
268 1126 328 1158 illo
353 1121 479 1163 viginti
506 1120 574 1151 duo
600 1115 711 1148 millia
728 1107 921 1144 virorum.¹⁰
966 1106 1016 1137 22.
1040 1103 1193 1134 Rursum
1210 1096 1273 1129 filii
1292 1091 1396 1126 Israel
1413 1093 1446 1123 et

56 1172 258 1209 fortitudine
275 1173 307 1201 et
323 1176 467 1199 numero
484 1161 701 1196 confidentes,
728 1157 765 1188 in
783 1153 900 1186 eodem
917 1150 999 1185 loco,
1025 1147 1061 1178 in
1088 1154 1156 1187 quo
1181 1141 1276 1184 prius
1301 1141 1446 1170 certave-

58 1222 148 1257 rant,
174 1215 283 1249 aciem
309 1212 522 1244 direxerunt:
556 1205 620 1236 223.
644 1203 692 1234 ita
708 1205 825 1232 tamen
842 1201 879 1228 ut
905 1194 999 1236 prius
1016 1188 1237 1223 ascenderent
1253 1187 1284 1215 et
1301 1176 1448 1213 flerent¹¹

60 1271 174 1296 coram
202 1257 351 1291 Domino
382 1263 491 1294 usque
522 1249 566 1282 ad
597 1253 745 1280 noctem:
785 1239 1069 1276 consulerentque
1100 1242 1189 1268 eum,
1220 1231 1251 1260 et
1283 1225 1449 1258 dicerent:

38 1349 41 1352 .
62 1306 176 1339 Debeo
201 1302 294 1335 ultra
318 1297 498 1341 procedere
525 1293 567 1326 ad
600 1286 839 1323 dimicandum
866 1285 985 1314 contra
1009 1278 1098 1311 filios
1123 1271 1307 1314 Benjamin
1332 1268 1451 1300 fratres

47 1351 166 1387 111005,
182 1358 226 1379 an
243 1344 336 1377 non‘.>
360 1340 494 1380 Quibus
506 1337 564 1370 ille
576 1332 764 1376 respondit:
789 1325 972 1361 Ascendite
985 1323 1027 1355 ad
1042 1332 1105 1358 005,
1121 1323 1153 1351 et
1170 1317 1254 1349 inite
1271 1316 1452 1346 certamen.

65 1395 116 1427 24.
140 1392 297 1431 Cumque
314 1386 377 1419 filii
395 1382 499 1416 Israel
528 1381 634 1413 altera
661 1377 716 1408 die
744 1369 976 1406 contra-filios
1003 1363 1185 1405 Benjamin
1213 1359 1257 1392 ad
1284 1354 1454 1400 proelium

65 1434 313 1481 processissent,
359 1430 409 1461 25.
434 1427 621 1468 eruperunt
637 1420 699 1453 filii
720 1415 901 1458 Benjamin
927 1412 968 1444 de
993 1408 1099 1453 portis
1125 1405 1260 1438 Gabaa:
1285 1404 1317 1433 et
1341 1407 1455 1431 occur-

67 1483 180 1514 rentes
205 1477 252 1509 eis
278 1477 375 1507 tanta
400 1472 436 1503 in
463 1470 540 1502 illos
566 1466 665 1499 caede
686 1460 842 1495 bacchati
859 1460 949 1494 sunt,
976 1458 1015 1486 ut
1041 1453 1157 1484 decem
1186 1452 1217 1480 et
1243 1449 1317 1478 octo
1344 1440 1458 1474 millia

68 1525 224 1557 virorum
253 1516 474 1552 educentium
502 1511 658 1555 gladium
690 1504 949 1549 prosternerent.
996 1498 1045 1530 26.
1079 1491 1312 1534 Quamobrem
1339 1494 1458 1519 omnes

71 1568 136 1601 filii
153 1564 257 1599 Israel
274 1563 446 1595 venerunt
470 1558 507 1589 in
535 1556 676 1587 domum
696 1550 768 1587 Dei,
793 1551 825 1579 et
849 1545 1002 1577 sedentes
1018 1540 1145 1572 flebant
1162 1545 1276 1568 coram
1294 1529 1458 1563 Domino:

68 1610 382 1656 jejunaveruntque
399 1603 454 1635 die
470 1600 531 1633 illo
546 1607 655 1639 usque
672 1594 715 1627 ad
732 1600 918 1634 vesperam,
943 1591 974 1619 et
991 1583 1190 1617 obtulerunt
1206 1578 1236 1611 ei
1252 1576 1461 1610 holocausta,

74 1659 178 1697 atque
192 1651 350 1695 pacificas
377 1646 546 1682 victimas,
592 1642 642 1673 27.
667 1643 697 1671 et
724 1646 825 1678 super
852 1636 942 1665 statu
970 1639 1030 1661 suo
1057 1622 1365 1665 interrogaverunt.
1412 1615 1462 1647 Eo

74 1703 227 1740 tempore
254 1694 303 1726 ibi
331 1694 401 1725 erat
429 1699 506 1722 arca
532 1683 676 1719 foederis
705 1681 778 1719 Dei,
824 1678 873 1709 28.
898 1679 930 1708 et
957 1673 1103 1706 Phinees
1120 1668 1212 1700 filius
1229 1660 1382 1697 Eleazari
1399 1658 1464 1691 filii

77 1745 194 1776 Aaron
232 1735 443 1781 praepositus
481 1732 612 1764 domus,
669 1723 925 1758 Consuluerunt
969 1717 1076 1758 igitur
1114 1711 1315 1745 Dominum,
1362 1708 1466 1745 atque

78 1786 255 1819 dixerunt:
295 1780 400 1812 Exire
430 1777 521 1809 ultra
552 1772 715 1805 debemus
746 1767 788 1800 ad
829 1772 983 1808 pugnam
1014 1761 1132 1792 contra
1162 1754 1250 1787 filios
1282 1746 1466 1791 Benjamin

79 1832 198 1863 fratres
230 1829 369 1862 nostros,
407 1832 451 1853 an
483 1817 676 1861 quiescere?
709 1811 842 1851 Quibus
873 1807 921 1840 ait
952 1803 1136 1837 Dominus:
1173 1794 1364 1831 Ascenclite,
1395 1799 1468 1823 cras

81 1873 175 1907 enim
206 1869 341 1903 tradam
376 1876 430 1898 eos
467 1864 505 1895 111
543 1869 668 1892 manus
705 1859 842 1888 vestras.
888 1851 938 1882 29.
978 1848 1237 1884 Posueruntque
1268 1837 1333 1870 filii
1364 1832 1470 1867 Israel

82 1915 226 1950 insidias
242 1923 301 1955 per
317 1909 498 1943 circuitum
517 1904 612 1938 urbis
639 1901 769 1934 Gabaa:
817 1897 867 1928 30.
891 1898 923 1926 et
949 1891 1050 1925 tertia
1076 1889 1159 1926 vice,
1186 1885 1274 1917 sicut
1301 1878 1404 1913 semel
1438 1879 1472 1909 et

82 1961 146 1999 bis,
161 1961 279 1991 contra
296 1952 478 1995 Benjainin
495 1948 684 1982 exercitum
707 1940 956 1986 produxerunt.
1003 1936 1053 1967 31.
1077 1931 1141 1965 Sed
1159 1933 1189 1962 ct
1206 1927 1270 1960 filii
1288 1920 1472 1964 Benjamin

85 2004 246 2037 audacter
262 1999 449 2041 eruperunt
465 1994 506 2026 de
523 1991 670 2028 civitate,
687 1992 718 2020 et
736 1986 904 2027 fugientes
925 1976 1137 2013 adversarios
1153 1972 1290 2013 longius
1306 1963 1473 2010 persecuti

87 2050 178 2087 sunt,
203 2045 252 2077 ita
278 2046 317 2075 ut
340 2039 564 2074 vulnerarent
579 2046 622 2067 ex
638 2033 686 2065 eis
702 2031 789 2063 sicut
804 2027 916 2070 primo
933 2024 988 2055 die
1004 2026 1037 2054 et
1053 2017 1210 2054 secundo,
1238 2018 1269 2046 et
1297 2010 1476 2044 caederent

87 2102 148 2135 per
173 2090 258 2122 duas
284 2085 422 2119 semitas
446 2083 614 2114 vertentes
639 2081 742 2117 terga,
768 2080 916 2115 quarum
934 2077 1005 2100 una
1029 2063 1200 2096 ferebatur
1224 2059 1261 2090 in
1288 2053 1418 2091 BetheL
1443 2054 1477 2083 et

89 2135 196 2168 altera
220 2132 256 2164 in
283 2129 410 2165 Gabaa,
435 2130 537 2167 atque
565 2119 815 2165 prosternerent
831 2113 975 2154 triginta
996 2108 1128 2141 circiter
1156 2104 1260 2136 viros:
1307 2100 1356 2131 32.
1380 2098 1478 2139 puta-

88 2179 215 2212 verunt
230 2174 323 2207 enim
339 2171 438 2204 solito
455 2179 509 2202 eos
525 2176 618 2199 more
635 2163 760 2196 cedere.
795 2158 863 2198 Qui
880 2157 999 2198 fugam
1015 2156 1086 2185 arte
1102 2146 1305 2181 simulantes
1321 2140 1479 2174 inierunt

92 2220 274 2255 consilium
300 2220 340 2249 ut
364 2212 600 2247 abstraherent
624 2218 677 2240 eos
703 2206 744 2237 de
770 2202 917 2238 civitate,
943 2202 975 2231 et
1000 2194 1098 2239 quasi
1120 2191 1288 2232 fugientes
1304 2186 1346 2218 ad
1363 2193 1481 2226 supra-

93 2265 202 2299 dictas
227 2261 364 2295 semitas
388 2255 622 2301 perducerent.
668 2250 718 2282 33.
743 2248 870 2280 Omnes
895 2244 1011 2284 itaque
1038 2237 1101 2271 filii
1127 2233 1232 2267 Israel
1248 2231 1423 2272 surgentes
1439 2225 1482 2258 de

95 2307 233 2342 sedibus
262 2304 342 2342 suis,
379 2299 598 2334 tetenderunt
628 2294 736 2327 aciem
775 2291 812 2322 in
849 2288 933 2326 loco,
971 2283 1031 2326 qui
1068 2283 1210 2313 vocatur
1248 2272 1482 2307 Baalthamar.

96 2351 248 2386 Insidiae
264 2356 411 2423 qupqcpe,
427 2353 516 2420 quagi
527 2341 616 2417 cii-ga
627 2335 868 2411 ur318135tra12t'
884 2328 1053 2374 paulatim
1070 2335 1103 2357 se
1119 2320 1250 2365 aperire
1263 2316 1456 2360 coeperunt,
1463 2310 1485 2330 ¹²

333 2396 460 2419 exiet:
519 2382 656 2416 ,erun
703 2401 710 2409 .
757 2385 797 2407 e.
833 2397 840 2405 .
1242 2364 1274 2390 38
