1504 2540
1280 53 1337 82 123

0 178 98 211 mque
125 167 220 199 Isaac
247 165 290 197 ad
319 164 431 196 filium
457 173 574 194 suum:
610 157 800 199 Quomodo,
831 155 956 198 inquit,
985 157 1055 186 tam
1085 152 1150 184 cito
1183 149 1341 183 invenire

0 211 103 250 ruisti,
128 210 177 242 fili
196 209 265 241 mi‘?
289 208 356 247 Qui
385 205 574 249 respondit:
599 204 770 236 Voluntas
798 201 859 232 Dei
888 198 972 231 11111Β
995 202 1031 230 ut
1059 197 1125 229 cito
1153 197 1342 227 occurreret

5 256 41 288 hi
67 254 159 297 quod
187 252 355 285 volebam.
408 251 458 282 21.
484 249 650 290 Dixitque
679 247 786 278 Isaac:
813 243 942 276 Accede
969 240 1066 280 hue,⁹
1088 244 1127 272 ut
1151 243 1291 280 tangam
1309 241 1342 269 te

0 313 3 332 l
21 299 79 338 mi,
107 301 139 330 et
166 296 306 340 probem
322 299 439 327 utrum
458 297 495 325 tu
512 293 556 324 sis
573 291 664 323 filius
682 300 776 321 meus
794 288 895 325 Esau,
923 297 967 318 an
992 296 1071 317 non.
1119 283 1168 315 22.
1194 281 1342 313 Accessit

0 354 12 376 e
29 342 71 375 ad
89 345 230 384 patrem,
257 344 289 372 et
316 338 454 381 palpato
482 347 529 375 eo,
557 335 646 367 dixit
675 334 783 365 Isaac:
808 332 886 363 Vox
904 329 1055 372 quidem,
1072 338 1139 360 vox
1157 325 1261 358 Jacob
1278 328 1340 357 est:

0 387 161 424 imanus,
187 394 311 416 manus
327 386 408 414 sunt
425 381 524 412 Esau.
571 380 620 411 23.
646 378 689 409 Et
716 388 784 408 non
814 374 974 416 cognovit
1000 383 1089 410 eum,
1117 370 1199 413 quia
1216 368 1343 411 pilosae

0 440 80 462 inus
110 427 377 460 similitudinem
410 424 549 466 majoris
579 418 855 464 expresse1·ant.¹⁰
900 416 1111 449 Benedicens
1142 424 1220 455 ergo
1252 411 1342 450 1111,ιι

1 501 6 506 .
42 473 103 505 ait:
138 472 191 504 Tu
219 482 252 503 es
280 470 371 501 filius
398 479 495 500 meus
521 467 634 499 Esau?
660 463 863 506 Respondit:
889 462 961 503 Ego
989 470 1075 491 sum.
1122 459 1171 490 25.
1197 456 1243 488 At
1270 455 1344 487 ille:

0 517 52 550 fer
78 515 176 555 mihi,
204 514 328 557 inquit,
356 512 448 545 cibos
476 511 516 543 de
545 510 725 542 venatione
752 511 821 545 tua,
849 505 898 537 fili
928 504 986 542 mi,
1014 507 1052 535 ut
1078 501 1259 534 benedicat
1282 498 1345 531 tibi

4 561 76 593 ima
102 570 187 591 mea.
233 559 325 596 Quos
353 567 430 588 cum
459 555 589 587 oblatos
616 551 824 587 comedisset,
855 548 980 581 obtulit
1011 547 1040 578 ei
1073 546 1176 578 etiam
1205 544 1344 581 vinumg

6 616 26 637 o
42 604 174 642 hausto,
220 603 270 634 245.
295 600 385 632 dixit
401 599 443 631 ad
461 610 554 630 eum:
579 596 709 629 Accede
731 595 773 627 ad
800 605 864 628 me.
890 596 922 624 et
947 592 991 623 da
1008 589 1095 622 mihi
1113 588 1278 625 osculum,
1294 586 1345 618 fili

2 647 46 681 i.¹²
91 648 141 680 27.
165 645 324 683 Accessit,
347 648 379 675 et
395 642 566 675 osculatus
583 644 630 672 est
647 651 734 671 eum.
781 637 973 678 Statimque
990 638 1028 666 ut
1044 633 1149 665 sensit
1165 631 1346 664 vestimen-

2 702 72 724 ·um
88 691 183 723 illius
199 685 463 730 fragrantia1n‚¹³
485 685 689 717 benedicens
716 682 779 721 illi,
805 681 867 713 ait:
894 680 978 711 Ecce
995 678 1077 709 odor
1094 676 1157 708 filii
1175 675 1241 707 mei
1259 674 1347 706 sicut

3 747 41 768 or
65 735 138 777 agri
165 733 269 776 pleni,
303 732 357 764 cui
389 729 567 762 benedixit
594 728 771 760 Dominus.
819 726 868 756 28.
903 724 967 755 Det
999 721 1061 753 tibi
1089 720 1180 751 Deus
1205 719 1247 750 de
1273 728 1347 750 rore

3 778 82 818 eli,¹⁴
129 781 161 810 et
192 777 233 809 de
272 774 484 818 pinguedine
515 771 652 805 terrae¹⁵
689 768 941 802 abundantiam
973 764 1137 797 frumenti
1169 766 1201 795 et
1232 760 1349 793 vini.¹⁶

34 823 78 855 Et
104 821 254 854 serviant
271 819 332 851 tibi
352 818 481 861 populi,
507 820 539 849 et
563 816 706 848 adorent
730 818 762 845 te
787 812 910 844 tribus:
936 814 1004 842 esto
1022 808 1184 840 dominus
1200 806 1347 837 fratrum

5 877 108 904 3rum,
132 868 163 897 et
179 865 405 896 incurventur
421 865 500 893 ante
516 865 548 892 te
565 859 627 891 filii
646 858 765 890 matris
781 860 874 894 tuae3
900 854 959 896 qui
978 851 1197 884 maledixerit
1214 849 1287 888 tibi,
1304 849 1348 880 sit

5 921 19 943 e
49 908 267 942 maledictus:
307 910 338 938 et
376 905 437 947 qui
474 903 689 936 benedixerit
726 901 800 938 tibi,
838 895 1135 931 benedictionibus
1166 893 1347 935 repleatur.

6 980 10 986 .
34 954 105 986 Vix
123 953 217 984 Isaac
233 960 423 983 sermonem
442 948 658 990 impleverat:
683 949 715 977 et
738 955 868 986 egresso
889 941 995 974 Jacob
1012 941 1109 975 foras,
1133 938 1228 970 venit
1244 937 1348 970 Esau.

6 1024 10 1030 .
34 1001 211 1039 coctosque
227 995 268 1027 de
285 993 466 1026 venatione
482 992 574 1023 cibos
590 990 709 1022 intulit
726 988 824 1030 patri,
850 987 979 1018 dicens:
1004 984 1111 1025 Surge
1128 986 1224 1024 pater
1241 980 1298 1019 mi,
1316 984 1348 1011 et

7 1041 97 1073 ,nede
114 1040 155 1072 de
171 1038 353 1072 venatione
370 1036 432 1068 filii
459 1036 523 1067 tui:
548 1038 586 1067 ut
610 1033 790 1066 benedicat
807 1030 893 1062 1111111
911 1029 1029 1061 anima
1046 1031 1114 1059 tua.
1161 1026 1211 1057 32.
1236 1024 1348 1056 Dixit—

10 1096 28 1118 e
52 1084 103 1116 illi
131 1084 237 1115 Isaac:
264 1081 349 1120 Quis
374 1081 466 1112 enim
493 1091 526 1111 es
551 1079 610 1110 tu‘?
643 1077 710 1115 Qui
736 1074 925 1117 respondit:
950 1072 1022 1114 Ego
1048 1081 1124 1102 sum
1151 1069 1242 1101 filius
1267 1071 1348 1099 tuus

7 1127 211 1170 imogenitus
236 1126 336 1158 Esau.
383 1125 432 1156 33.
467 1122 617 1165 Expavit
644 1122 737 1152 Isaac
762 1123 899 1161 stupore
925 1112 1164 1148 vehementi:¹⁷
1198 1116 1231 1144 et
1256 1111 1348 1143 ultra.

11 1183 67 1205 am
84 1171 175 1204 credi
192 1173 309 1213 potest,
325 1168 510 1205 admirans,
534 1166 595 1198 ait:
621 1165 705 1203 Quis
722 1163 828 1205 igitur
844 1161 903 1193 ille
920 1164 965 1192 est
984 1159 1043 1201 qui
1061 1157 1194 1189 dudum
1212 1159 1345 1197 captam

9 1216 176 1248 nationem
196 1213 312 1246 attulit
329 1211 426 1249 mihi,
450 1214 482 1243 et
505 1209 637 1242 comedi
662 1220 703 1240 ex
727 1206 889 1239 omnibus
906 1204 1108 1245 priusquam
1130 1205 1166 1232 tu
1191 1199 1348 1232 venires?

9 1259 193 1301 nedixique
215 1257 255 1296 ei,
283 1260 315 1288 et
331 1255 394 1287 erit
410 1254 617 1286 benedictus.
663 1252 712 1283 34.
738 1250 877 1282 Auditis
894 1248 984 1279 Esau
1001 1244 1216 1278 sermonibus
1232 1242 1349 1285 patris,

10 1303 103 1345 ·ugiit
128 1302 276 1334 clamore
304 1310 444 1340 magno:
469 1301 501 1330 et
528 1299 772 1331 consternatus,
799 1294 860 1325 ait:
886 1291 1034 1323 Benedic
1060 1289 1163 1321 etiam
1191 1291 1222 1319 et
1250 1285 1349 1323 mihi,

11 1350 59 1379 ter
76 1346 134 1378 mi.
180 1345 230 1377 35.
255 1344 323 1382 Qui
351 1343 413 1375 ait:
438 1342 543 1374 Venit
568 1350 752 1381 germanus
780 1341 859 1369 tuus
887 1334 1132 1370 fraudulenter,
1159 1335 1191 1363 et
1219 1329 1350 1372 accepit

11 1390 235 1423 aedictionem
253 1392 358 1419 tuam.
406 1386 456 1418 36.
481 1385 526 1416 At
551 1384 608 1416 ille
633 1381 826 1423 subjunxit:
851 1380 947 1411 ‚Iuste
964 1381 1122 1409 vocatum
1148 1379 1197 1407 est
1222 1384 1349 1406 nornen

11 1446 35 1467 is
51 1433 170 1466 Jacob:
195 1430 432 1474 supplantavit
449 1429 541 1461 enim
559 1439 613 1459 me
629 1438 670 1458 en
688 1426 795 1458 altera
819 1424 906 1456 vice:
932 1420 1161 1464 primogenita
1178 1429 1252 1450 mea
1270 1420 1349 1449 ante

19 1478 54 1517 it,
79 1481 112 1510 et
135 1487 229 1508 nunc
253 1474 401 1507 secundo
427 1472 593 1514 surripuit
610 1469 881 1502 benedictionem
900 1476 1021 1497 meam.
1068 1464 1289 1503 Rursumque
1306 1460 1349 1492 ad

13 1525 111 1554 trem:
148 1518 328 1561 Numquid
357 1529 426 1549 non
455 1515 641 1552 reservasti,
669 1514 726 1550 ait,
753 1516 785 1544 et
812 1511 898 1543 1111111
927 1504 1255 1541 benedictioneln‘?¹S
1300 1504 1350 1537 37.

13 1564 155 1607 espondit
173 1564 280 1595 Isaac:
306 1561 496 1593 Dominum
513 1564 612 1591 tuum
630 1558 731 1589 illum
749 1554 918 1590 constitui,
944 1557 976 1585 et
1002 1562 1120 1584 omnes
1144 1550 1262 1581 fratres
1279 1548 1351 1589 ejus

13 1608 121 1642 vitm-,i
139 1607 233 1639 illius
249 1605 446 1647 subjugavi:
471 1604 643 1635 frumento
669 1605 701 1633 et
727 1600 808 1631 vino
833 1597 984 1630 stabilivi
1011 1606 1100 1633 eum,
1128 1598 1159 1626 et
1186 1592 1249 1625 tibi
1277 1595 1352 1634 post

15 1663 60 1692 ec,
84 1652 133 1684 fili
160 1652 218 1689 mi,
243 1650 335 1681 ultra
360 1648 445 1691 quid
470 1647 615 1679 faciam?
661 1646 710 1676 38.
744 1643 806 1675 Cui
834 1643 939 1674 Esau:
964 1640 1058 1671 Num
1084 1648 1202 1675 unam,
1227 1635 1353 1677 inquit,

15 1700 104 1728 itum
121 1693 394 1727 benedictionem
411 1691 524 1728 habes,
549 1690 665 1732 pater?
689 1688 777 1719 mihi
794 1696 930 1728 quoque
947 1684 1081 1715 obsecro
1099 1686 1137 1713 ut
1161 1680 1351 1712 benedicas.

16 1750 125 1781 ,mque
151 1738 279 1780 ejulatu
305 1746 431 1778 magno
456 1735 559 1773 fleret,
605 1734 654 1764 39.
691 1735 802 1763 motus
828 1727 960 1767 Isaac‚¹⁰
993 1726 1084 1758 dixit
1110 1725 1153 1757 ad
1181 1734 1275 1756 eum:
1309 1722 1351 1754 In

16 1783 180 1826 iguedine
207 1787 325 1819 terrae,
350 1784 382 1812 et
407 1779 443 1810 in
472 1789 545 1810 rore
570 1776 652 1809 coeli
679 1776 823 1816 desuper
867 1773 918 1804 40.
951 1771 1014 1803 erit
1038 1768 1230 1802 benedictio
1255 1764 1354 1798 tua.²⁰

19 1838 76 1860 ves
92 1827 128 1858 in
145 1823 297 1867 gladio,²¹
322 1827 354 1855 et
378 1822 474 1854 fratri
491 1826 549 1853 tuo
566 1820 703 1852 servies:
728 1823 932 1859 tempusque
948 1814 1071 1852 veniet,
1096 1823 1175 1845 eum
1192 1810 1355 1846 excutias,

18 1870 128 1903 solvas
140 1870 264 1911 jugum
279 1868 350 1909 ejus
362 1867 403 1898 de
420 1865 607 1898 cervicibus
623 1862 729 1895 tuis.²²
774 1862 825 1893 41.
849 1860 976 1892 Oderat
991 1868 1070 1899 ergo
1086 1866 1218 1897 semper
1235 1852 1356 1886 Esau²³

18 1914 77 1946 cob
93 1924 154 1956 pro
170 1911 406 1945 benedictione
422 1920 491 1952 qua
507 1908 728 1940 benedixerat
745 1905 775 1937 ei
800 1907 910 1947 pater:
936 1902 1093 1943 dixitque
1110 1900 1146 1931 in
1164 1898 1263 1931 corde
1279 1908 1355 1929 suo:

19 1957 122 1989 >nient
160 1956 231 1988 dies
268 1955 381 1987 luctus
417 1953 523 1995 patris
555 1952 632 1990 mei,
670 1954 702 1982 et
739 1948 892 1981 occidam
923 1945 1028 1979 Jacob
1059 1945 1198 1976 fratrem
1229 1952 1356 1973 meum.

19 2027 24 2034 .
48 2000 215 2033 Nuntiata
242 2002 323 2030 sunt
350 1998 432 2034 haec
450 1996 633 2028 Rebeccae:
658 2004 745 2036 quae
765 1992 904 2024 mittens
921 1994 953 2022 et
977 1999 1103 2021 vocans
1122 1986 1227 2019 Jacob
1244 1985 1358 2017 filium

20 2055 86 2083 um,
113 2044 204 2076 dixit
230 2042 272 2075 ad
300 2052 394 2074 eum:
419 2040 504 2072 Ecce
530 2039 619 2071 Esau
648 2038 751 2069 frater
776 2032 1038 2067 tuus'minatur
1065 2035 1102 2063 ut
1130 2029 1261 2062 occidat
1287 2027 1360 2060 te.²4

21 2114 26 2120 .
50 2088 151 2120 Nunc
167 2097 254 2128 ergo,
271 2085 319 2118 fili
337 2084 396 2123 1111,
420 2083 501 2116 audi
519 2092 634 2115 vocem
653 2091 776 2118 meam,
803 2082 835 2111 et
862 2086 1069 2118 consurgens
1084 2075 1163 2116 fuge
1180 2073 1223 2105 ad
1241 2072 1361 2104 Laban

21 2134 113 2164 „trem
131 2141 247 2163 meum
272 2129 309 2161 in
336 2128 472 2160 Harant
519 2126 569 2158 44.
593 2123 834 2165 habitabisque
851 2132 929 2154 eum
947 2131 984 2152 eo
1001 2120 1072 2151 dies
1095 2128 1230 2160 paucos,
1254 2116 1363 2148 donec

23 2175 164 2217 luiescat
179 2174 272 2205 furor
288 2172 401 2204 fratris
417 2170 478 2209 tui,
516 2170 566 2201 45.
591 2173 624 2200 et
646 2171 748 2200 cesset
764 2165 958 2208 indignatio
975 2164 1055 2206 ejus,
1072 2161 1365 2201 obliviscaturque

22 2229 95 2251 rum
113 2228 200 2260 quae
227 2216 338 2248 fecisti*
363 2215 399 2247 in
428 2224 522 2246 eum:
547 2216 661 2255 postea
686 2212 835 2248 mittam,
862 2213 894 2241 et
921 2208 1092 2240 adducam
1120 2209 1152 2237 te
1180 2203 1261 2236 inde
1278 2204 1363 2238 huc:

24 2272 40 2294 r
55 2265 200 2304 utroque
216 2259 361 2292 orbabor
377 2258 449 2291 filio
465 2258 501 2289 in
518 2267 588 2288 uno
616 2254 721 2287 (11οῩ25
765 2255 816 2286 46.
841 2252 1008 2294 Dixitque
1024 2250 1177 2282 Rebecca
1194 2247 1237 2279 ad
1255 2247 1366 2278 Isaac:

24 2305 107 2338 tedet
123 2315 177 2336 me
193 2304 284 2336 vitae
302 2313 395 2334 meae
412 2305 548 2344 propter
564 2299 653 2346 filias
670 2298 780 2331 Het-hz
804 2297 831 2329 si
857 2295 1024 2339 acceperit
1043 2292 1148 2326 Jacob
1167 2301 1309 2323 uxorem
1326 2289 1368 2321 de

25 2359 85 2393 rpe
100 2348 204 2391 hujus
219 2351 337 2387 terrae,
353 2345 433 2378 nolo
449 2342 603 2378 vivere&
