1504 2540
1338 63 1396 93 399

23 200 68 223 ,αι’
93 188 132 221 in
159 184 391 229 expiationem
418 179 547 224 populi,
593 178 621 210 6.
645 177 778 220 praeter
804 171 1041 205 holocaustum
1069 164 1291 199 calendarum
1316 171 1397 193 cum

23 231 186 267 merifieiis
213 230 292 267 suis,
312 231 344 260 et
372 226 609 258 holocaustum
637 219 885 261 sempiternum
914 225 993 247 cum
1021 208 1247 243 libationibus
1274 204 1396 243 s‹›litis;

15 276 140 312 .eisdem
168 271 368 307 ceremoniis
396 268 542 302 offeretis
558 267 595 298 in
612 264 750 297 odorem
775 259 1019 293 suavissimum
1037 256 1217 287 incensum
1239 248 1398 282 Domino.

15 323 44 370 17.
69 319 210 353 Decima.
235 326 371 359 quoque
397 312 489 345 dies²
522 309 648 342 mensis
672 307 776 348 hujus
801 302 938 346 septimi
964 300 1027 333 erit
1049 297 1146 330 vobis
1163 298 1279 328 sancta
1297 296 1400 334 atque

16 362 230 402 leenerabilia
243 364 276 392 et
292 357 450 400 affligetis
467 355 600 387 animas
618 355 758 384 vestras:
783 358 884 380 omne
897 355 981 387 opus
994 342 1116 375 servile
1134 351 1203 372 non
1220 336 1350 370 facietis
1362 335 1400 367 in

16 418 63 455 aa.
109 408 136 439 8.
161 404 385 445 Offeretisque
401 400 640 432 holocaustum
666 393 815 427 Domino
832 392 868 423 in
886 389 1022 421 odorem
1041 384 1296 420 suavissimum,
1312 380 1402 412 vitu-

16 459 91 486 ‚um
119 450 160 483 de
185 451 340 481 armento
367 455 489 481 unum,
505 442 645 474 arietem
674 448 796 474 unum,
820 445 926 476 agnos
953 429 1134 464 anniculos
1162 423 1402 459 immaculatos

17 498 160 538 ¹ieptem:
206 492 235 524 9.
260 495 292 523 et
308 491 345 522 in
361 486 536 521 sacrifieiis
561 494 678 517 eorum
705 480 839 513 similae
865 477 938 509 oleo
955 483 1153 516 conspersae
1170 476 1236 503 tres
1253 467 1404 500 decimas

27 549 78 583 aer
93 536 246 579 singulos
263 534 399 571 vitulos,
418 532 502 563 duas
528 529 677 560 decimas
702 536 761 568 per
786 523 937 559 arietem,
985 520 1034 551 10.
1059 516 1227 548 decimam
1252 511 1405 544 decimae

18 593 78 631 per
94 591 199 623 agnos
215 578 378 620 singulos,
395 575 453 618 qui
472 577 553 605 sunt
569 570 673 603 simul
690 569 771 610 agni
788 570 930 609 septem:
978 564 1028 594 11.
1053 565 1085 593 et
1101 560 1237 591 hircum
1255 567 1316 598 pro
1332 565 1406 597 pec-

18 630 104 665 xato,
120 625 247 666 absque
264 622 318 653 his
335 631 422 663 quae
439 617 551 650 offerri
564 615 574 633 ³
605 626 666 657 pro
683 613 806 644 delicto
823 610 931 642 solent
948 607 984 638 in
1002 604 1246 647 expiationem,
1263 604 1294 631 et
1310 598 1404 630 holo-

19 673 177 703 caustum
202 666 459 708 sempiternum,
477 672 554 694 cum
579 657 744 691 sacrificio
761 660 790 687 et
808 651 1034 686 libaminibus
1051 658 1178 680 eorum.
1226 645 1274 676 12.
1300 641 1408 680 Quin-

20 713 192 747 tadeeima
222 721 301 742 vero
333 707 408 740 die4
454 704 580 738 mensis
618 700 764 744 septimi,
796 709 883 740 quae
922 695 1018 727 vobis
1057 696 1173 724 sancta
1205 688 1268 720 erit
1306 689 1409 727 atque

20 755 238 793 venerabilis,
255 763 356 785 omne
384 761 468 793 opus
493 747 615 780 servile
631 757 701 778 non
718 743 847 776 facietis
865 741 901 772 in
919 751 966 776 ea,
983 737 1040 770 sed
1057 732 1272 768 celebrabitis
1289 729 1408 762 solem-

29 801 167 834 nitatem
186 797 334 830 Domino
351 799 476 837 septem
497 792 631 824 diebus:
664 790 714 821 13.
732 785 944 826 offeretisque
962 782 1200 813 holocaustum
1218 776 1253 807 in
1271 774 1410 806 odorem

22 843 267 890 ευῆνίεείιηωῃ
296 840 454 875 Domino,
471 836 598 869 vitulos
614 834 655 865 de
680 834 835 864 armento
860 826 1034 864 tredecim,
1050 823 1170 856 arietes
1195 820 1289 858 duos,
1305 826 1412 859 agnos

22 886 204 922 anniculos
235 882 474 917 immaculatos
505 876 780 922 quatuordecim:
828 873 876 905 14.
913 875 944 903 et
971 870 1008 901 in
1036 862 1254 900 libamentis⁵
1289 870 1408 893 eorum

22 931 160 965 similae
176 930 248 962 oleo
266 937 463 969 conspersae
479 928 545 956 tres
562 922 711 954 decimas
736 929 795 961 per
811 916 937 949 vitulos
954 912 1117 954 singulos,
1134 908 1193 951 qui
1212 909 1292 939 sunt
1308 903 1414 936 simul

31 975 129 1009 vituli
153 972 332 1006 tredecim:
371 974 404 1002 et
420 969 505 1001 duas
522 966 671 999 decimas
688 963 785 996 arieti
802 971 881 998 uno,
899 959 933 991 id
951 962 1008 996 est,
1025 954 1129 987 simul
1152 950 1316 985 arietibus
1333 948 1414 980 duo-

32 1019 102 1058 bus,
148 1018 198 1049 15.
230 1019 262 1048 et
293 1015 462 1047 decimam
494 1011 646 1043 decimae
678 1007 776 1049 agnis
806 1003 962 1045 singulis,
994 1000 1054 1042 qui
1086 1000 1166 1030 sunt
1196 993 1301 1027 simul
1332 990 1416 1033 agni

24 1060 307 1107 quatuordecim:
334 1059 382 1090 16.
400 1060 431 1089 et
447 1056 584 1087 hircum
598 1064 658 1095 pro
671 1053 823 1094 peccato3
848 1048 975 1089 absque
988 1043 1186 1076 holocausto
1199 1037 1418 1079 sempiterno,

24 1110 65 1140 et
94 1104 268 1142 sacrificio,
299 1106 331 1135 et
362 1100 528 1133 libamine
560 1098 640 1139 ejus.
687 1097 736 1128 17.
762 1094 803 1125 In
833 1092 887 1124 die
914 1090 1019 1122 altero
1048 1085 1193 1119 offeretis
1220 1080 1348 1114 vitulos
1376 1078 1418 1110 de

33 1153 187 1185 armento
215 1146 406 1183 duodecim,
423 1144 542 1176 arietes
560 1142 654 1179 duos,
674 1148 779 1180 agnos
803 1134 984 1169 anniculos
1000 1128 1241 1164 immaculatos
1257 1127 1419 1167 quatuor-

26 1192 160 1227 decim:
207 1192 256 1223 18.
280 1189 514 1229 sacrificiaque
532 1190 563 1218 et
579 1183 749 1216 libamina
777 1179 993 1221 singulorum
1023 1186 1083 1218 per
1107 1171 1233 1205 vitulos
1250 1173 1282 1201 et
1299 1167 1420 1200 arietes

36 1241 68 1271 et
83 1247 188 1280 agnos
205 1236 268 1267 rite.
285 1232 514 1266 celebrabitis:
562 1230 610 1261 19.
636 1231 667 1259 et
684 1227 821 1257 hircum
838 1234 899 1266 pro
916 1223 1060 1264 pecmito,
1077 1217 1205 1258 absque
1222 1212 1420 1245 holocausto

34 1281 251 1323 sempiterno,
267 1276 501 1317 sacrificioque
517 1277 550 1305 et
565 1271 733 1304 libamine
750 1270 828 1310 ejus.
862 1267 911 1298 20.
938 1265 1000 1296 Die
1016 1262 1115 1295 tertio
1132 1257 1278 1291 offeretis
1293 1254 1422 1287 vitulos

34 1324 208 1367 undecim,
239 1322 359 1355 arietes
390 1320 483 1358 duos,
514 1327 619 1359 agnos
651 1312 830 1346 anniculos
868 1307 1107 1341 immaculatos
1145 1298 1421 1345 quatuordeeim:

5 1380 7 1384 ’
39 1368 88 1403 21.
112 1367 346 1408 sacrificiaque
371 1367 402 1396 et
419 1362 588 1395 libamina
613 1357 829 1400 singulorum
856 1365 916 1396 per
943 1351 1068 1384 vitulos
1084 1352 1116 1381 et
1132 1347 1252 1379 arietes
1269 1347 1300 1376 et
1317 1351 1423 1384 agnos

39 1412 102 1447 fite
117 1409 343 1445 celebrabitis:
391 1407 432 1432 θ’)
467 1410 497 1438 et
514 1405 650 1436 hircum
677 1412 737 1444 pro
762 1402 907 1442 peccato,
924 1397 1051 1437 absque
1078 1392 1275 1424 holocausto
1302 1384 1425 1427 sempi-

3 1457 4 1460 ’
36 1459 146 1495 terno,
171 1453 404 1494 sacrificioque
430 1454 462 1483 et
487 1447 654 1481 libamine
680 1446 758 1487 ejus.
806 1443 856 1474 23.
882 1441 945 1473 Die
973 1441 1095 1481 quarto
1120 1433 1266 1467 offeretis
1297 1429 1425 1462 vitulos

36 1498 168 1539 ‘decenn
205 1497 325 1530 arietes
364 1495 457 1532 duos,
495 1502 601 1533 agnos
639 1487 819 1522 anniculos
864 1482 1103 1517 immaculatos
1149 1473 1425 1520 quatuordecim:

38 1544 92 1578 ¹24.
116 1541 350 1582 sacrificiaque
366 1542 398 1571 et
414 1537 582 1569 libamina
606 1532 822 1575 singulorum
848 1540 907 1572 per
930 1526 1058 1560 vitulos
1081 1528 1113 1556 et
1137 1522 1256 1554 arietes
1273 1522 1305 1551 et
1321 1526 1428 1559 agnos

43 1587 107 1621 rite
123 1584 352 1619 celebrabitis:
398 1583 448 1614 ⁴25.
473 1584 505 1613 et
528 1580 665 1611 hircum
690 1587 751 1618 pro
776 1577 922 1617 peccato,
939 1571 1067 1612 absque
1091 1566 1289 1599 holocausto
1305 1560 1428 1602 sempi-

2 1651 3 1654 =
42 1634 150 1674 terno,
174 1628 408 1669 sacrificioque
434 1625 506 1667 ejus
531 1628 563 1655 et
587 1621 763 1654 libamine.
811 1618 860 1649 26.
886 1616 949 1648 Die
977 1614 1099 1657 quinto
1127 1608 1274 1642 offeretis
1300 1604 1428 1638 vitulos

45 1685 179 1713 novem,
218 1673 337 1705 arietes
375 1670 469 1707 duos,
507 1677 612 1709 agnos
652 1662 832 1696 anniculos
875 1657 1114 1692 immaculatos
1153 1648 1428 1695 quotuordecim:

3 1750 9 1758 ,
40 1717 96 1752 -27.
120 1716 354 1758 sacrificiaque
371 1717 402 1746 et
418 1712 587 1744 libamina
611 1707 829 1750 singulorum
855 1715 914 1747 per
939 1701 1067 1734 vitulos
1083 1703 1115 1731 et
1131 1697 1252 1730 arietes
1275 1697 1307 1725 et
1324 1701 1430 1734 agnos

47 1761 109 1799 rite.
125 1759 354 1794 eelebrabitis:
401 1757 450 1788 28.
475 1759 507 1788 et
523 1755 658 1786 hircum
684 1762 745 1794 pro
762 1752 908 1793 peccato,
933 1746 1060 1787 absque
1084 1742 1283 1774 holocausto
1308 1735 1430 1777 sempi-

3 1826 7 1834 ι
48 1807 153 1845 terno,
169 1803 401 1844 sacrificioque
417 1801 488 1842 ejus
504 1802 536 1830 et
551 1796 728 1829 libamine.
775 1794 824 1824 ⁶29.
850 1792 913 1824 Die
932 1793 1027 1822 sexto
1043 1785 1189 1819 offeretis
1205 1781 1332 1815 vitulos
1348 1782 1432 1817 octo,

49 1849 168 1882 arietes
185 1848 278 1885 duos.
295 1856 400 1888 agnos
417 1842 597 1876 anniculos
614 1837 854 1872 immaculatos
871 1831 1146 1877 quatuordecim:
1179 1828 1229 1860 30.
1253 1822 1433 1858 sacrificia-

49 1903 114 1943 que
130 1896 162 1925 et
177 1891 347 1923 libamina
363 1887 579 1929 singulorum
597 1895 657 1926 per
672 1882 799 1915 vitulos
817 1883 849 1912 et
865 1878 985 1911 arietes
1001 1879 1033 1908 et
1049 1884 1154 1917 agnos
1171 1872 1234 1904 rite
1250 1865 1433 1902 celebrabi-

49 1939 105 1970 tis:
147 1936 196 1968 31.
221 1938 253 1967 et
270 1934 405 1965 hircum
424 1941 484 1974 pro
500 1932 646 1972 peccato,
663 1926 791 1968 absque
807 1923 1005 1955 holocausto
1021 1918 1239 1961 sempiterno,
1255 1910 1434 1945 sacrificio-

51 1989 116 2056 que
132 1980 203 2022 ejus
219 1981 251 2011 et
267 1976 443 2010 libamine.
489 1974 539 2005 32.
565 1973 628 2004 Die
644 1970 789 2012 septimo
806 1965 952 1999 offeretis
967 1963 1094 1996 vitulos
1111 1965 1249 2003 septem,
1266 1960 1296 1989 et
1315 1955 1435 1987 arietes

76 2034 144 2062 uos,
161 2033 266 2065 agnos
283 2019 462 2053 anniculos
487 2015 727 2049 immaculatos
750 2008 1025 2054 quatuordecim:
1072 2006 1121 2037 33.
1146 2001 1380 2041 sacrificiaque
1403 2000 1436 2029 et

51 2065 220 2109 libamina
246 2064 463 2106 singulorum
492 2072 552 2104 per
578 2058 706 2092 vitulos
731 2060 763 2088 et
789 2055 909 2087 arietes
932 2056 965 2085 et
984 2061 1090 2093 agnos
1117 2049 1180 2080 rite
1206 2041 1435 2078 celebrabitis:

52 2109 102 2143 34.
126 2114 158 2143 et
181 2110 318 2142 hirc-um
343 2118 405 2150 pro
430 2108 575 2148 peccato,
591 2102 719 2144 absque
747 2099 944 2131 holocausto
969 2093 1185 2136 sempiterno,
1202 2087 1438 2127 sacrificioque

53 2153 124 2198 ejus
139 2157 172 2186 et
187 2152 363 2185 libamine.
393 2150 442 2182 35
461 2149 524 2180 Die
541 2150 670 2183 octavo,
687 2144 748 2187 qui
765 2146 814 2174 est
830 2139 1080 2176 celeberrimus,
1096 2146 1198 2168 omne
1214 2143 1298 2174 opus
1315 2128 1439 2162 servile

50 2206 123 2248 nqn
146 2196 286 2234 facietis,
331 2195 382 2227 36.
405 2193 582 2225 offerentes
607 2189 848 2221 holocaustum
874 2185 911 2217 in
936 2183 1074 2215 odorem
1101 2177 1346 2211 suavissimum
1373 2172 1438 2204 Do-

54 2240 159 2291 ᾐιιοο,
189 2239 339 2273 vitulum
372 2247 494 2275 unum,
525 2234 666 2267 arietem
697 2240 820 2268 unum,
850 2238 956 2270 agnos
987 2223 1167 2258 anniculos
1198 2216 1440 2253 immaculatos

22 2306 25 2309 -
53 2286 196 2331 §eptem
242 2284 292 2316 37.
316 2280 551 2321 sacrificiaque
567 2281 599 2310 et
615 2275 786 2308 libamina
809 2271 1026 2314 singulorum
1050 2278 1110 2311 per
1127 2264 1254 2298 vitulos
1271 2269 1303 2295 et
1318 2260 1440 2293 arietes

56 2328 89 2361 et
102 2338 208 2371 agnos
223 2327 287 2359 rite
303 2323 532 2358 celebrabitis:
579 2321 630 2353 38.
653 2322 686 2352 et
702 2318 838 2350 hircum
856 2326 917 2359 pro
934 2316 1081 2358 peccato,
1097 2310 1226 2352 absque
1241 2306 1442 2339 holocausto

263 2378 280 2409 ἓ
289 2387 300 2407 e
309 2378 332 2412 cl)
341 2386 358 2407 n
367 2386 378 2407 e
387 2386 417 2406 r:
437 2377 483 2411 ᾧῐ.
502 2374 613 2408 ῶώτίῇ.
633 2373 667 2402 21.
689 2372 755 2404 ῖειῑ.
773 2370 798 2400 Ι.
1199 2363 1232 2390 26
