1504 2540
1246 46 1301 74 151

0 183 20 205 ,¹1
44 173 76 204 et
92 171 164 202 erat
179 177 256 200 cum
275 163 355 197 filiis
371 159 492 194 Balae⁴
515 161 546 191 et
571 155 719 199 Zelphae.
736 162 885 186 uxorum
902 148 1009 193 patris
1026 147 1094 180 sui:
1120 142 1304 177 accusavit-

27 215 145 247 fratres
182 209 276 243 suos⁵
313 206 404 249 apud
443 208 575 247 patrem
607 199 750 232 crimine
781 195 934 239 pessimo.
984 193 1012 224 3.
1053 188 1157 222 Israel
1189 191 1302 219 autem

0 258 89 302 gebat
104 254 229 297 Joseph
246 262 346 294 super
362 258 479 282 omnes
496 246 582 279 filios
607 254 693 282 suos,
721 252 758 274 eo
784 238 875 282 quod
893 238 930 269 in
947 237 1118 268 senectute
1135 230 1307 274 genuisset

0 314 16 335 ,ς
41 301 185 342 fecitque
212 298 242 329 ei
270 295 423 327 tunicam
450 286 681 333 polyinitani.⁶
726 286 754 317 4.
779 283 943 315 Videntes
968 283 1083 312 autem
1100 278 1219 308 fratres
1236 274 1306 315 ejus

0 346 16 379 i
32 356 52 378 a
68 348 163 387 patre
180 341 256 384 plus
272 338 403 371 cunctis
420 335 500 367 filiis
516 335 698 368 amaretur,
725 328 868 361 oderant
894 335 983 362 eum,
1011 333 1073 353 nee
1098 321 1254 362 poterant
1275 317 1303 348 ei

0 390 116 432 [quam
156 385 293 428 pacifice
332 380 436 423 loqui.
488 379 516 409 5.
556 375 691 408 Accidit
729 381 865 414 quoque
902 372 941 399 ut
979 367 1091 399 visum
1131 362 1306 395 somnium

0 437 62 465 rret,
98 429 260 463 fratribus
297 425 380 457 suis:
421 433 507 465 quae
546 430 647 451 causa
685 415 823 457 majoris
861 412 931 444 odii
970 407 1192 442 seminarium
1233 404 1308 436 fuit.

0 476 145 517 >ixitque
172 473 214 505 ad
243 481 310 503 eos:
336 467 462 499 Audite
487 464 660 496 somnium
690 469 804 492 mcum
832 456 923 499 quod
951 454 1038 486 vidi:
1086 453 1113 484 7.
1139 448 1307 482 Putabam

3 520 111 562 ligare
127 514 323 557 manipulos
340 513 375 543 iu
393 521 488 552 agro:
513 512 544 540 ct
561 505 657 549 quasi
676 511 877 543 consurgere
895 496 1115 539 manipulum
1134 503 1259 530 meum,
1276 496 1308 522 et

0 575 24 600 e.
40 566 234 602 vestrosque
262 554 458 597 manipulos
484 552 742 584 circumstantes
770 546 910 577 adorare
938 538 1156 581 manipulum
1182 546 1309 567 meum.

0 605 244 649 {esponderunt
260 603 377 633 fratres
393 598 477 640 ejus:
503 592 683 635 Numquid
701 602 759 622 rex
778 592 889 620 noster
905 586 984 617 eris:
1009 587 1068 616 aut
1089 580 1311 622 subjiciemur

44 651 49 656 “
526 637 738 670 somniorum
756 637 858 674 atque
875 638 1082 665 sermonum,
1110 623 1263 656 invidiae
1280 625 1312 653 et

0 661 52 684 3n1
70 649 168 681 tuae?
193 646 287 678 Haec
314 653 392 684 ergo
410 651 510 673 causa
532 677 534 680 y

31 693 181 726 fomitem
216 685 434 721 ministravit..
481 684 509 715 9.
549 680 655 713 Aliud
695 687 831 720 quoque
870 673 958 706 vidit
996 670 1181 704 somnium,
1219 665 1309 708 quod

0 748 84 776 rans,
111 734 272 767 fratribus
301 731 360 763 ait:
388 728 469 761 Vidi
498 737 557 769 per
584 723 768 759 somnium,
797 718 892 761 quasi
920 716 1036 752 solem,
1063 717 1095 745 et
1122 712 1253 747 lunam,
1281 715 1314 741 et.

1 790 44 814 tas
75 778 235 812 undecim
267 775 406 807 adorare
439 782 501 803 me.
548 770 597 800 10.
636 765 735 805 Quod
768 774 844 795 cum
878 760 965 803 patri
997 769 1057 790 suo
1088 760 1121 788 et
1151 753 1314 786 fratribus

2 825 111 862 .lisset‚
142 819 334 862 increpavit
364 827 441 849 eum
475 818 569 856 pater
600 821 690 845 suus,
721 812 753 840 et
784 806 887 838 dixit:
924 803 1015 841 Quid
1047 800 1111 832 sibi
1144 798 1219 831 vult
1250 797 1313 827 ho<—

7 869 106 901 nium
123 865 214 908 quod
232 862 369 896 vidisti?
394 870 477 891 num
495 868 556 898 ego
572 860 603 887 et
621 858 728 886 mater
744 856 813 885 tua.
838 853 869 881 et
892 849 1010 879 fratres
1026 845 1076 877 tui
1094 841 1315 875 adorabimus

3 909 243 955 „ipertcrramP
290 907 339 937 11.
364 902 573 935 Invidebant
600 899 627 930 ei
655 897 761 939 igitur
788 895 906 925 fratres
933 890 1001 922 sui:
1025 893 1120 931 pater
1148 897 1226 918 vero
1244 894 1315 916 rem

3 960 56 988 tus
72 948 332 987 considerabat.⁷
379 948 427 979 12.
453 946 608 986 Cumque
634 942 752 973 fratres
780 938 872 969 illius
900 936 936 966 in
965 931 1140 975 pascendis
1157 928 1317 971 gregibus

0 1000 40 1039 ris
65 999 280 1030 morarentur
311 993 345 1024 in
378 990 524 1026 Sichem,
570 987 619 1018 13.
652 984 741 1016 dixit
772 982 814 1014 ad
847 990 924 1011 eum
957 976 1075 1009 Israel:
1107 975 1240 1006 Fratres
1265 971 1317 1003 tui

5 1046 80 1076 :unt
105 1051 182 1073 oves
206 1040 242 1070 in
269 1035 443 1069 Sichimis:
469 1032 557 1067 veni,
585 1030 720 1061 mittam
747 1031 778 1058 te
804 1025 845 1057 ad
872 1034 934 1055 eos.
981 1021 1056 1059 Quo
1085 1016 1319 1060 respondente,

24 1087 160 1119 Praesto
187 1093 274 1120 sum,
299 1081 346 1112 ait
374 1079 420 1110 ei:
456 1076 563 1113 Vade,
591 1078 623 1105 et
650 1071 729 1104 vide
756 1070 783 1101 si
812 1071 934 1100 cuncta
961 1073 1121 1107 prospera
1145 1061 1214 1092 sint
1239 1069 1319 1100 erga

5 1141 56 1163 res
80 1133 165 1167 tuos,
190 1130 222 1159 et
247 1134 380 1167 pecora:
405 1125 437 1153 et
462 1117 622 1152 renuntia
639 1115 726 1147 mihi
744 1112 827 1155 quid
845 1114 974 1152 agatur.
1022 1107 1145 1138 Missus
1167 1104 1208 1136 de
1230 1102 1320 1134 valle

7 1184 91 1212 )ron‚
108 1171 204 1204 venit
219 1170 253 1201 in
272 1167 420 1200 Sichem:
469 1165 518 1195 15.
543 1160 745 1200 invenitque
761 1167 840 1188 eum
858 1155 911 1186 vir
928 1155 1097 1185 errantem
1119 1150 1155 1180 in
1181 1158 1272 1189 agro,
1289 1150 1322 1176 et

7 1216 163 1259 :rrogavit
195 1212 278 1256 quid
310 1211 493 1253 quaereret.
552 1207 600 1237 16.
640 1204 686 1235 At
722 1201 781 1232 ille
820 1197 1007 1240 respondit:
1050 1194 1182 1225 Fratres
1221 1201 1323 1227 meos,

11 1271 76 1300 ero,
92 1259 207 1291 indica
220 1255 306 1288 mihi
321 1254 380 1285 ubi
394 1254 534 1295 pascant
546 1259 671 1290 greges.
708 1247 756 1277 17.
783 1243 948 1283 Dixitque
966 1240 992 1272 ei
1012 1238 1079 1270 vir:
1101 1237 1324 1268 Recesserunt

12 1315 70 1337 oco
87 1304 164 1335 isto:
189 1299 308 1333 audivi
326 1302 440 1330 autem
457 1306 511 1326 eos
532 1293 696 1324 dicentes:
722 1289 850 1320 Eamus
879 1286 915 1316 in
946 1280 1125 1315 Dotbain.g
1170 1277 1324 1310 Perrexit

9 1360 20 1382 )
36 1346 161 1389 Joeeph
178 1348 252 1387 post
268 1344 386 1374 fratres
402 1350 488 1376 suos,
514 1341 545 1368 et
570 1334 704 1367 invenit
732 1343 785 1363 eos
811 1331 846 1362 in
875 1327 1035 1360 Dothain.
1083 1325 1132 1356 is.
1157 1322 1224 1361 Qui
1246 1331 1321 1353 curn

9 1393 108 1425 issent
135 1400 214 1422 eum
242 1385 369 1429 procul,
397 1388 582 1423 antequam
611 1377 781 1410 accederet
807 1374 851 1406 ad
879 1383 942 1409 eos,
971 1369 1207 1411 cogitaverunt
1224 1365 1325 1396 illum

15 1433 126 1468 derez⁹
171 1433 220 1464 10.
259 1434 291 1462 et
322 1432 442 1460 mutuo
474 1423 717 1466 loquebantur:
758 1419 842 1450 Ecce
873 1415 1060 1447 somniator
1091 1408 1229 1443 venitz¹⁰
1275 1409 1326 1439 20.

13 1480 58 1512 ite
70 1477 266 1511 occidamus
282 1484 370 1509 eum,
388 1475 419 1503 et
436 1470 614 1501 mittamus
630 1466 666 1497 in
684 1464 864 1496 cisternam
879 1463 1038 1492 veterem:
1052 1455 1070 1471 ¹¹
1094 1455 1328 1494 dicemusque,

11 1521 193 1565 a'pessima
209 1516 385 1550 devoravit
403 1524 495 1546 eum:
522 1516 553 1543 et
578 1515 660 1542 tune
685 1505 861 1549 apparebit
877 1502 961 1545 quid
980 1501 1029 1533 illi
1048 1498 1179 1542 prosint
1195 1495 1330 1528 somnia

12 1593 16 1600 .
61 1567 112 1598 21.
151 1562 306 1595 Audiens
342 1563 456 1591 autem
496 1556 559 1587 hoc
598 1550 759 1589 Ιῖ1111(.·11,“2
798 1547 971 1580 nitebatur
1002 1544 1146 1576 liberare
1177 1551 1256 1573 eum
1289 1539 1330 1569 de

12 1610 110 1643 nibus
137 1617 264 1643 eorum,
295 1608 327 1636 et
358 1601 504 1634 dicebat:
552 1599 600 1629 22.
637 1596 713 1627 Non
742 1590 954 1625 interficiatis
981 1588 1135 1620 animam
1162 1585 1242 1626 ejus,
1269 1594 1332 1614 nec

17 1653 131 1686 ndatis
147 1649 365 1692 sanguinem:
390 1645 446 1677 sed
471 1642 623 1686 projicite
641 1650 718 1672 eum
743 1638 778 1668 in
804 1636 984 1668 cisternam
1004 1632 1102 1669 hanc,
1127 1639 1214 1671 quae
1231 1631 1279 1658 est
1296 1626 1333 1657 in

14 1697 144 1735 tudine,
181 1702 373 1733 manusque
404 1692 532 1720 vestras
563 1687 692 1717 servate
724 1680 897 1713 innoxias:
937 1677 1001 1708 hoc
1039 1678 1153 1706 autem
1189 1670 1333 1707 dicebat,

14 1752 67 1774 sns
83 1739 210 1781 eripere
227 1746 306 1768 eum
334 1734 374 1765 de
403 1731 563 1764 manibus
581 1738 708 1763 eorum,
736 1729 767 1757 et
796 1722 934 1755 reddere
950 1719 1039 1762 patri
1057 1729 1125 1750 suo,
1173 1716 1221 1747 23.
1246 1714 1331 1745 Con-

14 1786 59 1817 im
78 1783 184 1825 igitur
199 1784 238 1813 ut
253 1777 408 1821 pervenit
424 1776 466 1808 ad
484 1775 602 1806 fratres
618 1782 704 1807 suos,
728 1768 949 1800 nudaverunt
966 1773 1042 1795 eum
1062 1761 1179 1793 tunica
1195 1756 1336 1791 talari.¹³

16 1827 186 1870 >olymita2
233 1824 282 1855 24.
318 1822 554 1860 miseruntque
581 1826 660 1847 eum
688 1814 725 1845 in
753 1812 934 1844 cisternam
962 1811 1121 1843 veterem,
1149 1813 1237 1845 quae
1264 1811 1334 1832 non

16 1872 101 1905 »ebat
138 1878 273 1911 aquam.
320 1866 369 1897 25.
409 1862 452 1895 Et,
489 1861 642 1893 sedentes
681 1861 718 1889 ut
756 1853 970 1886 comederent
1000 1860 1135 1892 panem,
1173 1846 1337 1878 viderunt.

16 1915 144 1948 iaelitas
171 1908 345 1944 viatores¹⁴
378 1907 495 1939 venire
523 1905 563 1936 de
591 1898 760 1939 Galaad,¹⁵
787 1902 818 1930 et
846 1895 991 1929 camelos
1019 1903 1135 1925 eorum
1164 1893 1337 1932 portantes

17 1963 117 1996 mata,
134 1960 166 1989 et
181 1955 339 1990 resinam,
366 1955 398 1983 et
423 1953 548 1982 stacten
559 1947 578 1963 ¹⁶
603 1947 637 1977 in
667 1945 872 1985 Aegyptum.
919 1940 967 1970 26.
994 1937 1089 1968 Dixit
1107 1945 1185 1976 ergo
1202 1932 1309 1965 Judas
1319 1931 1337 1947 ¹⁷

18 2002 118 2035 >ribus
145 2000 228 2033 suis:
253 1996 345 2035 Quid
374 1994 471 2026 nobis
496 1991 631 2034 prodest
658 1989 684 2020 si
713 1985 936 2018 occiderimus
958 1983 1096 2013 fratrem
1114 1982 1279 2013 nostrum,
1307 1980 1339 2007 et

18 2045 180 2079 werimus
195 2041 399 2082 sanguinem
417 2037 544 2079 ipsius?
579 2035 629 2066 27.
654 2031 777 2064 Melius
794 2033 841 2060 est
858 2032 895 2059 ut
912 2024 1130 2058 venundetur
1144 2019 1340 2055 Ismaelitis,

19 2100 143 2122 manus
174 2090 306 2118 nostrae
338 2093 406 2114 non
438 2080 651 2122 polluantur:
691 2076 792 2106 frater
824 2072 926 2109 enim,
963 2073 996 2100 et
1027 2078 1103 2099 caro
1134 2068 1247 2096 nostra
1280 2068 1337 2094 est.

20 2133 216 2177 luieverunt
236 2129 354 2160 fratres
379 2122 591 2157 sermonibus
608 2120 711 2152 illius.
757 2118 806 2149 ⁴28.
832 2116 876 2147 Et
900 2109 1194 2156 praetereuntibus
1212 2106 1341 2138 Madia·

21 2188 41 2209 s
71 2172 348 2216 negotiatoribus,
386 2167 602 2200 extrahentes
633 2173 711 2195 eum
744 2161 785 2192 de
816 2159 970 2193 cisterna,
1002 2153 1233 2187 vendiderunt
1260 2160 1339 2181 eum

21 2220 152 2257 melitis,
190 2215 313 2258 viginti
353 2209 565 2254 argenteiszffi
602 2208 661 2249 qui
701 2205 875 2237 duxerunt
913 2211 991 2232 eum
1031 2199 1066 2230 in
1106 2191 1343 2237 Aegyptum.¹⁹

0 2270 2 2280 ¹
47 2264 283 2302 Reversusque
311 2257 433 2289 Ruben
462 2254 504 2286 ad
530 2253 721 2287 cisternam,
752 2258 821 2279 11011
853 2244 987 2277 invenit
1018 2249 1178 2284 puerum:
1226 2239 1275 2269 30.
1311 2241 1344 2267 et

26 2308 70 2341 sis
86 2305 236 2339 vestibus
252 2311 394 2345 pergens
421 2298 464 2331 ad
492 2297 610 2328 fratres
635 2304 720 2330 suos,
747 2292 810 2323 ait:
836 2290 924 2321 Puer
941 2298 1009 2318 non
1027 2287 1210 2326 comparet,
1235 2284 1266 2312 et
1283 2290 1344 2321 ego

23 2363 31 2384 ›
55 2349 161 2383 ibo?²⁰
206 2349 256 2379 31.
291 2344 460 2377 Tulerunt
485 2344 598 2373 autem
626 2336 779 2370 tunicam
809 2344 889 2375 ejus,
917 2335 948 2363 et
976 2331 1011 2361 in
1040 2327 1207 2368 sanguine
1234 2323 1346 2357 hoedi,

23 2405 66 2431 m]
95 2392 298 2430 occiderant,
322 2389 517 2420 tinxerunt:
563 2383 614 2415 32.
646 2381 819 2413 mittentes
845 2376 904 2419 qui
930 2375 1055 2407 ferrent
1080 2371 1122 2403 ad
1148 2373 1290 2413 patrem,
1315 2373 1347 2399 et
