1504 2540
1343 75 1401 105 363

569 188 695 239 Caput
729 183 842 223 XIII.

57 299 85 331 1.
120 296 361 336 Protectusque
392 294 441 324 est
472 288 620 333 populus
651 286 692 318 ‹le
724 282 894 316 Haseroth
928 281 1007 313 fixis
1032 276 1188 311 tentoriis
1212 275 1247 307 in
1275 274 1406 305 deserto

18 340 183 380 Pharan;¹
231 340 259 371 2.
284 338 401 379 ibique
416 335 550 367 locutus
575 335 624 364 est
650 329 820 361 Dominus
837 326 880 359 ad
899 326 1051 366 Moysen,
1077 322 1208 353 dicens:
1256 319 1283 350 3.
1310 317 1407 349 Mitte

19 387 115 424 virOS‚
140 385 199 427 qui
227 381 441 416 considerent
460 382 587 410 terram
605 374 782 411 Chanaan,
808 381 913 413 quum
940 369 1084 400 daturus
1100 376 1175 397 sum
1194 363 1275 395 filiis
1293 359 1408 396 Israel,

10 429 168 473 singulos
185 428 226 460 de
251 424 397 467 singulis
421 421 590 457 tribubus,
622 429 663 450 ex
692 414 916 459 principibus.
962 413 990 443 4.
1026 410 1119 442 Fecit
1151 408 1284 448 Moyses
1316 403 1408 447 quod

10 473 188 508 Dominus
225 470 464 513 imperaverat,
503 464 543 496 de
583 463 712 494 deserto
750 459 888 491 Pharan
928 456 1067 488 mittens
1106 452 1278 495 principes
1309 449 1410 485 viros,

11 507 164 562 lquorum
182 516 247 547 ista
263 516 343 546 sunt
359 510 512 543 nomina.
558 508 586 539 5.
613 506 662 537 De
685 503 777 536 tribu
797 501 931 539 Ruben,
955 500 1120 531 Sammua
1138 496 1248 527 filium
1268 492 1410 525 Zet-hur.

12 564 49 596 16.
81 561 131 593 De
158 559 251 592 tribu
279 557 428 593 Simeon,
455 551 585 595 Saphat
614 549 725 581 lilium
754 546 855 578 Huri.
902 546 930 577 7.
970 543 1020 575 De
1050 541 1143 573 tribu
1175 538 1277 575 Juda,
1309 535 1412 568 Caleb

21 605 132 639 filium
150 602 314 646 Jephone.
361 601 389 631 8.
415 598 464 630 De
490 595 583 628 tribu
602 592 767 629 issachar,
794 589 867 632 Igal
886 588 997 620 filium
1016 584 1152 627 ι10501111.
1199 584 1226 614 9.
1253 581 1302 612 De
1319 579 1412 611 tribu

23 648 199 692 Ephraim,
231 647 314 679 Osee
344 643 457 675 filium
490 640 581 671 Nun.
629 639 678 669 10.
718 635 767 666 De
798 633 891 666 tribu
924 629 1119 672 Benjamin,
1152 625 1266 658 Phalti
1299 624 1414 656 filium

23 692 158 735 Raphu.
205 691 255 722 11.
295 688 344 720 De
374 685 467 718 tribu
495 681 660 717 Zabulon,
692 677 835 711 (10(111101
868 676 980 708 filium
1012 673 1103 705 Sodi.
1151 672 1200 702 12.
1240 669 1290 700 De
1321 666 1415 699 tribu

23 735 158 778 Joseph,
174 732 295 776 sceptri
313 731 479 767 Manasse,
505 725 617 758 Gaddi
636 724 747 756 filium
766 721 852 754 Susi.
900 720 949 751 13.
976 718 1025 750 De
1041 716 1133 748 tribu
1152 715 1239 752 Dan,
1263 709 1416 744 Ammiel

14 779 135 814 filium
153 776 311 810 Gemalli.
359 775 408 806 14.
434 773 482 804 De
499 770 591 803 tribu
611 769 704 805 Aser,
721 766 828 799 Stliur
844 764 955 796 filium
975 759 1133 794 Michael.
1180 758 1229 789 15.
1256 757 1305 788 De
1322 754 1416 787 ‘tribu

26 822 224 867 Nephthali,
241 818 378 852 Nahabi
396 816 507 849 filium
526 813 643 855 Vapsi.
691 813 740 843 16.
766 810 815 841 De
837 808 930 840 tribu
949 806 1033 843 Gad,
1051 802 1136 836 (incl
1154 802 1267 833 filium
1286 798 1417 834 Macl1i;

27 869 76 902 17.
99 867 182 899 haee
207 868 288 897 sunt
315 861 459 894 nomina
486 868 652 893 virorum,
680 866 764 897 quos
786 853 881 884 misit
898 851 1031 892 Moyses
1059 848 1102 880 ad
1131 842 1417 878 considerandam

27 915 166 945 terram:
191 907 395 948 vocavitque
411 904 495 937 Osee
512 901 624 934 filium
642 899 734 937 Nun,
751 895 886 933 .105110;2
934 897 982 927 13.
1008 892 1101 925 misit
1117 901 1196 930 ergo
1213 899 1267 920 eos
1285 887 1418 928 Moyses

28 955 70 989 ad
97 951 381 986 considerandam
413 952 539 980 terram
571 945 749 981 Chanaan,
781 945 813 973 et
844 939 935 972 dixit
965 937 1008 970 ad
1040 947 1109 968 eos:
1145 932 1329 965 Ascendite
1362 940 1420 972 per

24 998 256 1032 ¹meridianam
284 994 433 1037 plagam.
479 991 636 1032 Cumque
663 986 825 1019 veneritis
856 983 899 1016 ad
931 984 1073 1018 111011105,
1121 979 1170 1010 19.
1209 975 1421 1008 considerate

29 1046 164 1080 terram,
181 1039 294 1083 qualis
318 1038 374 1070 sit:
400 1040 431 1068 et
454 1033 622 1077 populum
641 1031 700 1073 qui
718 1029 892 1061 habitator
909 1030 956 1058 est
973 1026 1053 1067 ejus,
1070 1027 1187 1055 utrum
1205 1020 1301 1052 fortis
1317 1018 1361 1049 sit
1376 1028 1420 1049 an

31 1086 202 1119 infirmus:
227 1083 254 1115 si
281 1081 382 1125 pauci
408 1088 553 1111 numero
580 1087 624 1108 an
653 1075 781 1118 plures:
829 1073 878 1104 20.
903 1072 977 1113 ipsa
1004 1073 1103 1105 terra,
1128 1066 1219 1098 bona
1244 1075 1288 1096 an
1315 1061 1423 1093 mala:

32 1130 130 1164 urbes
165 1127 292 1171 quales,
331 1127 486 1157 muratae
517 1132 560 1153 an
593 1119 721 1161 absque
753 1115 895 1149 111111·15;3
941 1115 990 1146 21.
1029 1112 1168 1147 humus,
1206 1107 1347 1150 pinguis
1378 1116 1424 1137 an

33 1173 164 1212 sterilis,
189 1180 367 1203 nemorosa
393 1179 437 1200 an
464 1166 593 1207 absque
609 1161 797 1195 arboribus,
844 1155 1106 1193 Confortamini,
1134 1158 1167 1185 et
1191 1152 1308 1184 afferte
1325 1149 1425 1181 nobis

35 1217 75 1251 de
98 1215 266 1249 fructibus
287 1218 405 1245 terrae.
452 1210 535 1242 Erat
560 1212 674 1240 autem
701 1210 836 1246 tempus
861 1201 1002 1245 quando
1023 1200 1095 1241 jam
1113 1206 1324 1240 praecoquae
1337 1203 1426 1225 uvae

35 1261 122 1295 vesci
160 1257 328 1303 possunt.⁴
374 1257 424 1287 22.
463 1254 620 1294 Cumque
658 1249 898 1285 ascendissent,
937 1244 1206 1287 exploraverunt
1244 1244 1370 1271 terram
1407 1247 1428 1268 a

36 1305 164 1339 deserto
191 1303 262 1341 Sin,
289 1311 398 1343 usque
426 1296 565 1330 Rohob⁵
588 1293 800 1327 intrantibus
828 1288 985 1323 1431110111.ὅ
1030 1288 1080 1319 23.
1117 1284 1425 1323 Aseenderuntque

37 1349 79 1382 ad
95 1345 303 1384 11101·1(110111,τ
327 1349 359 1377 et
386 1344 557 1375 venerunt
583 1339 619 1371 in
650 1335 820 1373 Hebron}
844 1334 904 1367 ubi
932 1335 1030 1365 erant
1052 1330 1225 1362 Achiman
1244 1332 1276 1359 et
1292 1325 1378 1358 Sisai
1396 1327 1429 1356 et

38 1391 197 1425 Tholmai
222 1389 285 1422 filii
310 1385 438 1421 Ει1ε1οῑ9
465 1383 576 1417 1111111ιο
609 1382 751 1414 Hebron
775 1383 903 1421 septem
928 1376 1029 1409 annis
1053 1378 1132 1407 ante
1155 1372 1281 1404 Tanim
1307 1369 1427 1401 urbem

39 1435 186 1479 Aegypti
214 1433 352 1466 condita
379 1428 467 1463 est.ll
514 1428 564 1460 24.
589 1427 839 1467 Pei-gentesque
866 1432 974 1464 usque
1002 1419 1045 1451 ad
1073 1419 1273 1450 Torrentem
1302 1410 1432 1450 botri‚¹²

41 1480 257 1514 absciderunt
273 1475 451 1519 palmitem
470 1483 548 1504 cum
574 1481 643 1503 uva
671 1466 770 1506 sua‚¹³
794 1477 897 1509 quem
925 1464 1150 1508 portaverunt
1177 1461 1213 1491 111
1242 1461 1335 1491 vecte
1363 1456 1432 1487 duo

42 1523 117 1558 viri.
163 1523 212 1554 De
229 1520 331 1553 malis
347 1528 484 1562 quoque
501 1515 654 1558 granatis
681 1517 713 1544 et
740 1512 781 1544 de
798 1510 870 1543 11015
887 1509 951 1541 1001
969 1507 1065 1540 1111115
1080 1505 1249 1537 tulerunt:
1297 1502 1347 1533 25.
1372 1499 1433 1542 qui

43 1566 234 1611 appellatus
250 1568 299 1597 est
316 1560 524 1598 Nehelescol‚
540 1559 576 1591 id
593 1563 641 1590 est
658 1557 685 1589 Τ
689 1566 805 1588 orrens
817 1553 916 1591 botri,
933 1563 970 1585 eo
987 1550 1079 1594 quod
1094 1549 1229 1581 botrum
1245 1547 1437 1588 portassent

44 1611 123 1644 inde
149 1610 214 1643 filii
242 1607 356 1640 Israel.
404 1606 453 1637 26.
478 1602 688 1644 Reversique
705 1599 936 1642 exploratores
963 1600 1071 1628 terrae
1099 1596 1173 1635 post
1201 1589 1435 1633 quadraginta

46 1655 124 1694 dies,
151 1653 246 1687 omni
264 1651 401 1693 regione
418 1647 570 1685 eircusta,
616 1646 666 1678 27.
690 1646 859 1676 venerunt
888 1641 931 1673 ad
960 1639 1101 1680 Moysen
1130 1640 1161 1668 et
1190 1635 1305 1666 Aaron
1334 1636 1367 1664 et
1391 1630 1435 1663 ad

46 1709 182 1731 omnem
199 1700 333 1729 coetum
351 1693 502 1726 filiorum
520 1689 624 1723 Israel
642 1689 676 1721 in
696 1688 866 1719 desertum
886 1684 1040 1722 Pharan„
1063 1680 1154 1723 quod
1173 1682 1221 1711 est
1238 1678 1274 1709 in
1291 1674 1436 1708 Cades¹⁴

48 1742 235 1784 Locutique
261 1740 309 1772 eis
336 1742 367 1770 et
394 1735 489 1769 omui
518 1731 737 1766 multitudini
758 1729 982 1762 ostenderunt
1006 1726 1136 1758 fruetus
1159 1727 1282 1755 terrae:
1331 1721 1380 1751 28.
1405 1723 1438 1750 et

49 1787 285 1821 narraverunt,
313 1782 476 1815 dieentes:
501 1778 672 1810 Venimus
699 1776 735 1807 111
763 1779 900 1810 terram,
928 1771 970 1803 ad
999 1780 1104 1812 quam
1123 1766 1246 1800 misisti
1263 1776 1333 1801 nos,
1351 1774 1439 1806 quae

24 1834 29 1857 s
50 1840 165 1863 revera
180 1828 258 1860 fluit
273 1826 360 1859 laete
375 1828 408 1857 et
424 1822 534 1860 melle,
561 1825 600 1853 ut
627 1831 669 1853 ex
696 1819 751 1850 his
778 1816 946 1850 fructibus
962 1812 1118 1855 cognosci
1136 1813 1258 1853 potest:
1306 1808 1355 1839 29.
1380 1806 1438 1838 sed

51 1873 193 1906 cultores
218 1870 418 1903 fortissimos
445 1866 558 1904 habet,
589 1868 621 1897 et
652 1863 752 1896 urbes
779 1860 926 1902 grandes
952 1862 1055 1899 atque
1083 1859 1244 1887 muratas.
1290 1851 1439 1892 Stirpem

52 1916 144 1949 Euae
159 1916 313 1948 vidimus
330 1913 388 1945 ibi.
434 1912 484 1943 30.
510 1908 651 1941 Amalec
677 1906 811 1940 habitat
837 1905 872 1935 in
900 1901 1052 1939 meridie,
1078 1899 1257 1931 Hetbaeus
1282 1900 1314 1928 et
1339 1894 1441 1927 Jebu-

53 1971 146 1993 saeus
162 1963 195 1992 et
210 1957 444 1991 Amorrhaeus
460 1954 497 1987 in
514 1951 702 1986 montanis:
728 1950 956 1982 chananaeus
973 1956 1052 1977 vero
1069 1947 1223 1975 moratur
1232 1941 1333 1982 juxta
1347 1948 1441 1969 mare

30 2014 31 2042 ᾖ
55 2007 86 2037 et
110 2004 199 2036 eirea
225 2002 355 2035 fluenta
381 1997 551 2032 Jordanis.
598 1996 647 2027 31.
676 1995 771 2027 Inter
798 1992 880 2024 haee
909 1989 1012 2022 Caleb
1039 1996 1255 2029 compescens
1282 1992 1442 2014 murmur

55 2047 181 2092 populi,
197 2046 256 2089 qui
274 2044 448 2077 oriebatur
465 2044 582 2073 contra
609 2039 761 2080 Moysen,
789 2036 849 2068 ait:
876 2032 1121 2069 Ascendamus
1149 2033 1179 2061 et
1208 2027 1443 2071 possideamus

30 2095 33 2131 ’,
55 2094 188 2129 terram,
216 2089 381 2132 qnoniam
410 2085 598 2129 poterimus
625 2082 778 2115 obtinere
806 2089 890 2111 eam.
937 2077 986 2109 32.
1012 2075 1082 2109 Alii
1111 2084 1201 2110 vero,
1229 2071 1288 2114 qui
1307 2071 1443 2101 fuerant

57 2145 133 2167 eum
156 2145 203 2173 eo,
230 2132 403 2166 dicebant:
430 2129 658 2171 Nequaquam
687 2125 729 2157 ad
756 2124 850 2155 1111110
877 2120 1045 2164 populum
1072 2117 1228 2150 valemus
1256 2112 1445 2150 ascendere,

32 2187 34 2220 ξ,
59 2178 139 2222 quia
164 2177 281 2210 fortior
308 2174 407 2207 nobis
434 2176 491 2207 est.
538 2172 587 2203 33.
624 2169 924 2209 Detraxeruntque
940 2168 1058 2201 terrae,
1085 2171 1190 2205 quam
1214 2160 1446 2201 inspexerant,

32 2224 36 2262 ’,
60 2222 147 2265 apud
162 2220 249 2254 filios
262 2218 377 2257 Israel,
393 2217 557 2250 dieentes:
581 2214 696 2250 Terra,
712 2221 818 2254 quam
831 2208 1065 2245 lustravimus,
1083 2205 1221 2238 devorat
1236 2201 1445 2233 habitatores

0 2278 2 2306 ζ
17 2265 35 2310 νΞ
61 2275 149 2298 suos:
173 2263 330 2309 populus
347 2272 449 2305 quem
467 2259 674 2301 aspeximus,
690 2264 847 2298 procerae
859 2256 1009 2285 staturae
1025 2253 1082 2282 est.
1091 2248 1112 2266 ¹³
1146 2248 1196 2279 34.
1222 2245 1275 2277 Ibi
1293 2244 1447 2277 vidimus

0 2349 1 2353 Ἰ
33 2308 35 2334 ²
63 2312 212 2342 monstra
228 2306 398 2349 quaedam
415 2304 568 2338 filiorum
585 2301 679 2335 Euae
707 2299 748 2334 de
763 2308 886 2344 genere
901 2296 1079 2339 giganteo:
1105 2290 1231 2336 quibus
1248 2286 1447 2331 comparati,

63 2351 159 2399 quasi
175 2352 324 2386 locustae
340 2348 556 2383 videbamur.
