1504 2540
373 99 440 130 5>stss
457 99 533 138 Qud>
551 101 598 130 ber
613 101 734 136 istiu-bnt.
757 101 784 138 6,
805 101 856 133 40.
879 102 965 133 anm.
987 101 1037 133 35.
1343 102 1401 131 559

12 200 42 228 au
56 194 139 226 finben
151 198 214 227 mar,
224 194 329 225 sonbcrn
337 196 385 222 bns
395 196 470 228 {³150st
481 196 528 223 mit
541 197 611 224 (sinu
627 197 652 224 iu
663 198 737 229 {nine
749 200 800 225 unt
812 197 948 229 {distabat
959 199 994 225 im
1004 198 1153 226 animante
1163 198 1265 229 (Σοῖώὶὄ
1277 206 1304 231 zu
1315 199 1399 230 sudien

12 233 82 261 mnu
101 229 134 257 ef.
151 228 247 263 virgil.
265 228 356 261 Eclog.
374 232 409 260 4.,
426 230 534 259 Diodor.
552 231 603 259 Sic.
618 231 653 260 V.
671 237 693 260 3.
740 234 789 265 3111
804 233 837 265 ἲς.
860 236 927 261 1430
947 234 1010 266 scete
1030 234 1126 267 ὥςηομ
1141 234 1247 265 *Philum
1267 239 1308 261 rer
1329 234 1400 261 (sinte

12 270 62 291 oon
76 264 204 298 tEurgunb
218 266 264 291 ben
279 264 446 292 fflittcrnrbcn
460 273 518 293 mun
532 268 673 300 „arlucum
689 268 780 300 *Blicfffl
795 269 843 299 ein.
866 276 908 295 um
924 269 961 295 bie
981 269 1077 300 „belhen
1093 269 1169 298 (einer
1186 269 1240 301 geu
1254 276 1281 302 3u
1296 276 1399 296 ermun-

11 301 75 331 tem,
88 299 160 332 bui-d)
175 299 328 333 gerstbrunq
343 304 384 327 rer
397 300 489 327 i‘utdrc
503 304 546 328 tica
561 302 732 335 umuaubcnss
747 306 797 330 unb
807 303 1051 332 beibcntbumvmcs
1063 305 1148 330 imbre
1163 304 1237 335 *Blicfae
1251 304 1399 337 dirifflicbcn

11 333 129 367 fflubmess
143 336 193 362 unb
208 334 365 368 chbtcnsscss
379 343 407 369 311
422 336 569 370 §civianum
588 338 620 365 cs.
638 337 776 366 Guilielm.
801 338 943 366 Mennens.
960 338 974 366 l.
1000 341 1020 367 l.
1038 338 1071 366 de
1085 348 1166 366 aureo
1185 338 1289 367 vellere.

579 496 706 547 Caput
734 497 825 535 VII.

53 591 81 624 1.
106 592 218 634 Igitur
243 592 401 625 Jerobaal
430 593 489 636 qui
518 598 551 626 et
578 595 726 635 Gedeon,
755 597 796 628 de
828 600 924 629 nocte
952 596 1188 639 consurgenS,¹
1223 600 1255 629 et
1282 597 1396 630 omnis

12 635 156 678 populus
172 646 250 668 eum
267 647 315 675 eo,
332 637 427 669 venit
443 638 486 669 ad
512 638 640 671 fontem
658 640 719 681 qui
740 649 883 672 vocatur
899 640 1057 679 Harad32
1089 645 1185 673 erant
1209 645 1323 673 autem
1345 652 1396 673 ea-

13 682 77 711 stra
93 679 234 711 Madian
252 680 287 711 in
306 680 396 713 valle
412 681 454 713 ad
471 683 770 724 septentrionalem
786 684 923 726 plagam
939 684 1034 716 collis
1045 684 1177 716 excelsi.
1188 683 1199 700 ³
1237 686 1264 716 2.
1284 685 1396 717 Dixit·

15 733 74 765 que
101 722 272 755 Dominus
299 724 342 755 ad
371 725 522 757 Gedeon:
563 726 694 758 Multus
721 732 834 759 tecum
862 732 911 760 est
939 728 1116 770 populus*
1153 739 1215 760 nec
1243 728 1393 760 traditur

14 766 148 798 Madian
177 767 213 798 in
242 778 366 799 manus
394 768 478 809 ejus:
517 780 560 801 ne
576 770 742 811 glorietur
769 776 886 803 contra
907 783 960 804 me
985 772 1099 808 Israel,
1116 775 1148 803 et
1164 771 1269 803 dicat:
1311 771 1394 804 Meis

15 809 138 842 aeiribus
170 810 333 843 liberatus
357 822 444 844 sum.
491 813 518 844 3.
551 814 704 855 Loquere
721 815 764 846 ad
782 815 959 857 populum,
976 819 1008 847 et
1025 816 1156 847 cunctis
1173 815 1394 848 audientibus

16 853 179 886 ³raedica:
219 854 286 892 Qui
304 855 542 888 formidolosus
559 861 589 889 et
608 858 751 890 timidus
775 863 832 897 est,
856 863 1054 891 revertatur.
1102 859 1394 901 Recesseruntque

17 897 48 929 le
61 900 177 929 monte
189 898 351 937 Galaad,⁵
384 903 417 931 et
429 901 553 932 reversi
571 905 651 933 sunt
664 902 705 934 de
722 903 848 944 populo
866 903 991 945 viginti
1017 903 1085 934 duo
1102 902 1214 934 millia
1227 903 1392 942 virorum,

16 943 37 972 et
53 944 190 973 tantum
207 941 321 974 decem
337 942 448 975 millia
461 949 708 977 remanserunt.
754 947 782 978 4.
809 946 975 989 Dixitque
992 946 1162 978 Dominus
1178 946 1221 978 ad
1239 946 1393 978 Gedeon:

17 984 132 1016 adhuc
143 985 290 1027 populus
303 986 433 1018 multus
446 991 504 1026 est,
521 988 586 1020 duc
599 1000 652 1020 eos
662 989 705 1021 ad
723 1001 838 1032 aquas,
849 994 881 1022 et
892 990 940 1022 ibi
952 990 1102 1032 probabo
1114 990 1204 1022 illos:
1229 994 1261 1021 et
1271 990 1312 1022 de
1324 1000 1392 1032 quo

18 1027 124 1060 iixero
137 1028 200 1060 tibi
218 1033 256 1060 ut
271 1033 381 1061 tecum
401 1031 514 1070 vadat,
530 1032 602 1074 ipse
618 1037 748 1074 pergat:
775 1045 876 1076 quem
895 1034 944 1066 ire
961 1033 1176 1076 prohibuero,
1194 1037 1392 1065 revertatur.

19 1071 34 1103 i.
59 1071 215 1114 Cumque
232 1072 456 1106 descendisset
483 1076 630 1117 populus
658 1077 701 1108 ad
729 1088 845 1119 aquas,
870 1078 958 1109 dixit
977 1077 1146 1109 Dominus
1170 1077 1213 1109 ad
1238 1077 1391 1109 Gedeon:

19 1114 74 1154 Qui
94 1114 215 1157 lingua
231 1116 442 1150 lambuerint
457 1129 573 1160 aquas,
590 1120 678 1152 sicut
693 1121 803 1152 solent
819 1132 918 1153 canes
940 1120 1120 1159 lainbere,⁶
1142 1120 1313 1162 separabis
1337 1131 1391 1153 eos

21 1169 169 1191 eorsum:
187 1160 247 1201 qui
265 1164 379 1192 autem
401 1163 550 1194 curvatis
572 1164 717 1204 genibus
739 1164 899 1200 biberint,
915 1165 952 1196 in
981 1165 1086 1197 altera
1109 1169 1203 1207 parte
1220 1168 1329 1196 erunt.
1361 1165 1390 1197 6.

20 1202 87 1234 ‘'uit
103 1202 218 1245 itaque
229 1214 393 1236 numerus
404 1216 521 1237 eorum
534 1207 593 1248 qui
605 1218 710 1239 manu
729 1208 771 1239 ad
783 1219 818 1239 os
830 1209 1027 1250 projiciente
1039 1208 1257 1240 lambuerant
1273 1219 1391 1250 aquas,

21 1246 146 1278 recenti
157 1247 239 1278 viri:
263 1248 376 1279 omnis
392 1253 506 1281 autem
524 1250 658 1293 reliqua
674 1252 864 1284 multitudo
881 1253 968 1284 flexo
983 1252 1110 1294 poplite
1120 1252 1261 1283 biberat.
1294 1253 1321 1284 7.
1347 1252 1392 1284 Et

21 1289 53 1321 .it
66 1289 237 1322 Dominus
247 1291 289 1322 ad
302 1291 454 1324 Gedeon:
480 1293 521 1324 In
532 1295 690 1326 trecentis
701 1296 784 1327 viris
797 1296 856 1338 qui
872 1296 1093 1328 lambuerunt
1105 1306 1221 1338 aquas,
1238 1294 1390 1327 liberabo

21 1332 94 1372 '0s,⁷
117 1337 149 1365 et
165 1334 299 1366 tradam
317 1335 353 1366 in
372 1346 477 1368 manu
502 1341 561 1369 tua
581 1338 736 1370 Madian:
768 1340 881 1372 omnis
904 1344 1019 1372 autem
1044 1339 1176 1381 reliqua
1200 1338 1390 1371 multitudo

21 1380 192 1409 evertatur
205 1377 242 1409 in
256 1378 368 1410 locum
382 1390 492 1412 suum.
525 1382 553 1413 S.
570 1382 724 1423 Sumptis
736 1383 852 1425 itaque
866 1395 925 1426 pro
937 1394 1080 1415 numero
1094 1383 1230 1415 cibariis
1244 1386 1275 1414 et
1287 1382 1390 1423 tubis,

26 1430 142 1452 mnem
167 1421 335 1464 reliquam
364 1423 624 1457 multitudinem
643 1426 736 1458 abire
758 1428 929 1470 praecepit
952 1427 994 1459 ad
1011 1426 1233 1459 tabernacula
1248 1437 1323 1458 sua:
1357 1431 1391 1458 et

22 1474 74 1506 ase
91 1474 167 1496 cum
185 1466 344 1497 trecentis
360 1467 443 1498 viris
459 1478 492 1499 se
510 1470 687 1501 certamini
706 1470 808 1503 dedit.
855 1471 972 1503 Castra
995 1475 1109 1503 autem
1133 1470 1274 1502 Madian
1292 1474 1390 1502 erant

22 1507 119 1540 ubter
146 1508 181 1540 in
210 1508 308 1541 valle.
355 1511 383 1542 9.
409 1511 537 1543 Eadem
567 1517 664 1545 nocte
692 1514 782 1546 dixit
810 1515 979 1547 Dominus
1007 1515 1050 1546 ad
1079 1525 1172 1546 eum:
1211 1514 1328 1556 Surge,
1356 1518 1389 1546 et

28 1551 169 1583 escende
185 1552 221 1584 in
239 1556 361 1585 castra:
401 1555 483 1596 quia
499 1556 625 1588 tradidi
644 1568 697 1589 eos
714 1558 750 1589 in
768 1569 875 1590 manu
892 1563 967 1597 tua;
1014 1559 1063 1590 10.
1087 1558 1141 1589 sin
1165 1561 1278 1589 autem
1297 1557 1388 1589 solus

23 1605 52 1626 re.
79 1595 251 1635 formidas,
279 1596 462 1630 descendat
488 1603 600 1631 tecum
629 1600 743 1633 Phara
769 1613 854 1644 puer
873 1606 960 1634 tuus.
1008 1603 1057 1634 11.
1083 1602 1126 1633 Et
1142 1612 1219 1633 cum
1238 1601 1389 1633 audieris

28 1638 88 1670 uid
101 1638 315 1681 loquaiitur‚⁸
330 1645 413 1673 tunc
426 1643 710 1676 confortabuntur
723 1656 847 1677 manus
864 1649 951 1685 tuae,
964 1649 996 1678 et
1011 1645 1160 1677 securior
1175 1644 1218 1676 ad
1236 1644 1387 1676 hostium

62 1685 112 1714 tra
128 1682 316 1716 descendes.
364 1685 545 1718 Descendit
569 1698 648 1729 ergo
664 1689 735 1730 ipse
751 1693 783 1721 et
801 1689 914 1721 Phara
930 1700 1014 1732 puer
1030 1690 1101 1731 ejus
1117 1689 1153 1720 in
1170 1692 1301 1731 partem
1320 1699 1388 1720 cas-

25 1735 145 1765 rorum,
160 1726 219 1758 ubi
238 1731 336 1760 erant
351 1733 561 1762 armatorum
580 1732 728 1773 vigiliae.
774 1734 822 1765 1⁴2.
848 1733 988 1765 Madian
1006 1738 1120 1765 autem
1138 1736 1170 1764 et
1187 1731 1338 1770 Amalec,
1355 1735 1387 1764 et

25 1778 120 1801 mnes
136 1770 316 1803 orientales
333 1772 461 1814 populi,
478 1774 541 1805 fusi
556 1775 717 1815 jacebant
733 1776 769 1808 in
787 1777 886 1811 valle.
903 1781 942 1809 ut
958 1777 1165 1809 locustarum
1183 1775 1385 1807 multitudo:

26 1812 124 1844 emeli
151 1824 288 1856 quoque
314 1815 584 1849 innumerabiles
612 1822 718 1857 erant,
745 1820 832 1852 sicut
859 1831 962 1852 arena
989 1831 1077 1863 quae
1099 1820 1188 1861 jacet
1212 1819 1247 1850 in
1272 1819 1387 1850 littore

27 1856 115 1889 iaris.
147 1858 196 1889 13.
221 1858 377 1900 Cumque
388 1857 539 1893 ¹venisset
555 1861 702 1899 Gedeon,
719 1864 881 1896 narrabat
897 1864 1024 1906 aliquis
1035 1864 1207 1896 somnium
1227 1862 1386 1905 proximo

5 1920 8 1924 «
28 1910 75 1931 10:
100 1903 132 1932 et
148 1901 183 1932 in
201 1901 295 1934 hunc
311 1903 453 1935 modum
471 1905 635 1938 referebat
651 1907 741 1948 quod
762 1907 906 1940 viderat:
940 1908 1021 1939 Vidi
1043 1908 1228 1944 somnium,
1244 1909 1276 1938 et
1293 1906 1386 1938 vide—

27 1946 103 1989 atur
129 1944 216 1976 mihi
245 1946 342 1987 quasi
373 1947 620 1981 subcinericius
636 1951 735 1992 panis
766 1962 807 1982 ex
839 1951 987 1983 hordeo⁹
1021 1951 1124 1990 volvi,
1152 1955 1184 1982 et
1211 1950 1247 1981 in
1276 1953 1385 1981 castra

39 1986 142 2019 adian
167 1988 381 2022 descendere:
420 2002 567 2034 cumque
592 1995 800 2034 pervenisset
823 1995 865 2026 ad
890 1993 1194 2032 tabernaculum,¹⁰
1220 1993 1386 2035 percussit

29 2029 98 2070 lud,
115 2034 218 2073 atque
245 2032 420 2072 subvertit,
437 2038 470 2066 et
485 2038 593 2068 terrae
618 2037 774 2069 funditus
802 2039 1012 2081 coaequavit.
1060 2039 1108 2070 14.
1134 2037 1322 2079 Respondit
1346 2037 1385 2076 is,

30 2073 55 2105 1i
80 2073 298 2117 loquebatur:
330 2076 406 2109 Non
433 2081 481 2110 est
506 2078 570 2111 hoc
595 2080 700 2119 aliud,
718 2081 783 2113 nisi
801 2082 937 2123 gladius
955 2082 1123 2114 Gedeonis
1140 2081 1200 2113 filii
1219 2080 1298 2112 Joas
1315 2079 1382 2113 viri

29 2117 187 2150 melitae:
225 2120 369 2152 tradidit
395 2121 487 2153 enim
518 2122 688 2155 Dominus
716 2125 751 2156 in
778 2136 902 2157 manus
929 2126 1001 2168 ejus
1028 2126 1179 2164 Madian,
1207 2128 1238 2156 et
1265 2124 1384 2156 omnia.

30 2163 107 2193 istra
122 2162 202 2203 ejus
249 2163 298 2195 15.
323 2163 479 2207 Cumque
495 2166 645 2199 audisset
662 2167 797 2200 Gedeon
816 2169 1000 2207 somnium,
1017 2174 1049 2201 et
1066 2167 1382 2210 interpretationem

31 2214 78 2243 us,
95 2204 264 2238 adoravit:
303 2210 335 2239 et
359 2219 511 2241 reversus
534 2213 583 2241 est
598 2211 640 2242 ad
659 2215 765 2243 castra
792 2212 905 2252 Israel,
921 2217 953 2245 et
969 2214 1030 2245 ait:
1070 2212 1215 2254 Surgite,
1238 2210 1385 2243 tradidit

31 2247 90 2279 iim
108 2248 276 2281 Dominus
293 2250 330 2282 in
347 2262 471 2283 manus
488 2257 618 2285 nostras
635 2259 743 2287 castra
761 2255 911 2289 Madian.
937 2258 986 2288 16.
1005 2256 1199 2297 Divisitque
1215 2258 1382 2287 trecentos

35 2301 88 2323 ros
103 2291 140 2323 in
157 2295 222 2324 tres
238 2297 358 2335 partes
375 2299 407 2327 et
423 2295 517 2328 dedit
533 2296 632 2329 tubas
649 2298 685 2329 in
703 2299 864 2332 manibus
888 2311 1016 2338 eorum,
1034 2299 1239 2340 lagenasque
1256 2307 1382 2330 vacuas

33 2347 37 2363 ε
61 2333 268 2378 lampades¹¹
292 2337 328 2369 in
356 2338 470 2371 medio
497 2339 742 2382 lagenarum.¹²
788 2344 837 2377 17.
862 2343 906 2375 Et
927 2343 1018 2375 dixit
1034 2343 1077 2375 ad
1094 2354 1162 2375 eos:
1197 2342 1296 2381 Quod
1325 2352 1381 2374 me

203 2388 356 2422 sstcbtter:
377 2391 422 2425 ffl.
441 2392 552 2426 &brist
572 2393 605 2422 91.
627 2394 692 2427 mest.
711 2394 736 2424 Ι.
1138 2397 1170 2423 36
